<?xml version="1.0" encoding="utf-8"?>
<Document xmlns="urn:iso:std:iso:20022:tech:xsd:pain.001.001.03"
  xmlns:xsi="http://www.w3.org/2001/XMLSchema-instance">
  <CstmrCdtTrfInitn>
    <GrpHdr>
      <MsgId>MSG0JSPNY</MsgId>
      <CreDtTm>2025-11-07T13:43:49</CreDtTm>
      <NbOfTxs>40</NbOfTxs>
      <CtrlSum>2153252</CtrlSum>
      <InitgPty>
        <Id>
          <OrgId>
            <Othr>
              <Id>MY.COMPANY/COMPANYC2C</Id>
            </Othr>
          </OrgId>
        </Id>
      </InitgPty>
    </GrpHdr>
    <PmtInf>
      <PmtInfId>PMTINF0QSFL7</PmtInfId>
      <PmtMtd>TRF</PmtMtd>
      <BtchBookg>true</BtchBookg>
      <PmtTpInf>
        <InstrPrty>NORM</InstrPrty>
      </PmtTpInf>
      <ReqdExctnDt>2025-11-07</ReqdExctnDt>
      <Dbtr>
        <Nm>MY.COMPANY/COMPANYC2C</Nm>
        <PstlAdr>
          <Ctry>GH</Ctry>
        </PstlAdr>
      </Dbtr>
      <DbtrAcct>
        <Id>
          <Othr>
            <Id>1234567812341</Id>
          </Othr>
        </Id>
        <Ccy>GHS</Ccy>
      </DbtrAcct>
      <DbtrAgt>
        <FinInstnId>
          <ClrSysMmbId>
            <MmbId>190101</MmbId>
          </ClrSysMmbId>
        </FinInstnId>
      </DbtrAgt>
      <ChrgBr>DEBT</ChrgBr>
      <CdtTrfTxInf>
        <PmtId>
          <InstrId>PMT0QURN2</InstrId>
          <EndToEndId>INST083ISJ</EndToEndId>
        </PmtId>
        <Amt>
          <InstdAmt Ccy="GHS">29192</InstdAmt>
        </Amt>
        <CdtrAgt>
          <FinInstnId>
            <ClrSysMmbId>
              <MmbId>190101</MmbId>
            </ClrSysMmbId>
            <Nm>Stanbic Bank Ghana Ltd</Nm>
            <PstlAdr>
              <Ctry>GH</Ctry>
            </PstlAdr>
          </FinInstnId>
        </CdtrAgt>
        <Cdtr>
          <Nm>Darion Ferry</Nm>
          <PstlAdr>
            <StrtNm>Dominique Loop</StrtNm>
            <BldgNb>272</BldgNb>
            <PstCd>77796</PstCd>
            <TwnNm>West Eloisefort</TwnNm>
            <Ctry>GH</Ctry>
          </PstlAdr>
        </Cdtr>
        <CdtrAcct>
          <Id>
            <Othr>
              <Id>1123412345678</Id>
            </Othr>
          </Id>
        </CdtrAcct>
        <RmtInf>
          <Ustrd>quae nostrum est</Ustrd>
        </RmtInf>
      </CdtTrfTxInf>
    </PmtInf>
    <PmtInf>
      <PmtInfId>PMTINF0FYKBY</PmtInfId>
      <PmtMtd>TRF</PmtMtd>
      <BtchBookg>true</BtchBookg>
      <PmtTpInf>
        <InstrPrty>NORM</InstrPrty>
      </PmtTpInf>
      <ReqdExctnDt>2025-11-07</ReqdExctnDt>
      <Dbtr>
        <Nm>MY.COMPANY/COMPANYC2C</Nm>
        <PstlAdr>
          <Ctry>GH</Ctry>
        </PstlAdr>
      </Dbtr>
      <DbtrAcct>
        <Id>
          <Othr>
            <Id>1234567812341</Id>
          </Othr>
        </Id>
        <Ccy>GHS</Ccy>
      </DbtrAcct>
      <DbtrAgt>
        <FinInstnId>
          <ClrSysMmbId>
            <MmbId>190101</MmbId>
          </ClrSysMmbId>
        </FinInstnId>
      </DbtrAgt>
      <ChrgBr>DEBT</ChrgBr>
      <CdtTrfTxInf>
        <PmtId>
          <InstrId>PMT0L7RQ2</InstrId>
          <EndToEndId>INST0W1EJO</EndToEndId>
        </PmtId>
        <Amt>
          <InstdAmt Ccy="GHS">26198</InstdAmt>
        </Amt>
        <CdtrAgt>
          <FinInstnId>
            <ClrSysMmbId>
              <MmbId>190101</MmbId>
            </ClrSysMmbId>
            <Nm>Stanbic Bank Ghana Ltd</Nm>
            <PstlAdr>
              <Ctry>GH</Ctry>
            </PstlAdr>
          </FinInstnId>
        </CdtrAgt>
        <Cdtr>
          <Nm>Darion Ferry</Nm>
          <PstlAdr>
            <StrtNm>Robel Crescent</StrtNm>
            <BldgNb>82668</BldgNb>
            <PstCd>42522</PstCd>
            <TwnNm>Port Lukas</TwnNm>
            <Ctry>GH</Ctry>
          </PstlAdr>
        </Cdtr>
        <CdtrAcct>
          <Id>
            <Othr>
              <Id>1123412345678</Id>
            </Othr>
          </Id>
        </CdtrAcct>
        <RmtInf>
          <Ustrd>esse voluptatem delectus</Ustrd>
        </RmtInf>
      </CdtTrfTxInf>
    </PmtInf>
    <PmtInf>
      <PmtInfId>PMTINF0OK8MM</PmtInfId>
      <PmtMtd>TRF</PmtMtd>
      <BtchBookg>true</BtchBookg>
      <PmtTpInf>
        <InstrPrty>NORM</InstrPrty>
      </PmtTpInf>
      <ReqdExctnDt>2025-11-07</ReqdExctnDt>
      <Dbtr>
        <Nm>MY.COMPANY/COMPANYC2C</Nm>
        <PstlAdr>
          <Ctry>GH</Ctry>
        </PstlAdr>
      </Dbtr>
      <DbtrAcct>
        <Id>
          <Othr>
            <Id>1234567812341</Id>
          </Othr>
        </Id>
        <Ccy>GHS</Ccy>
      </DbtrAcct>
      <DbtrAgt>
        <FinInstnId>
          <ClrSysMmbId>
            <MmbId>190101</MmbId>
          </ClrSysMmbId>
        </FinInstnId>
      </DbtrAgt>
      <ChrgBr>DEBT</ChrgBr>
      <CdtTrfTxInf>
        <PmtId>
          <InstrId>PMT0OR6VY</InstrId>
          <EndToEndId>INST0KUKOK</EndToEndId>
        </PmtId>
        <Amt>
          <InstdAmt Ccy="GHS">49456</InstdAmt>
        </Amt>
        <CdtrAgt>
          <FinInstnId>
            <ClrSysMmbId>
              <MmbId>190101</MmbId>
            </ClrSysMmbId>
            <Nm>Stanbic Bank Ghana Ltd</Nm>
            <PstlAdr>
              <Ctry>GH</Ctry>
            </PstlAdr>
          </FinInstnId>
        </CdtrAgt>
        <Cdtr>
          <Nm>Darion Ferry</Nm>
          <PstlAdr>
            <StrtNm>Tiana Ways</StrtNm>
            <BldgNb>40942</BldgNb>
            <PstCd>98237-3175</PstCd>
            <TwnNm>Marvinstad</TwnNm>
            <Ctry>GH</Ctry>
          </PstlAdr>
        </Cdtr>
        <CdtrAcct>
          <Id>
            <Othr>
              <Id>1123412345678</Id>
            </Othr>
          </Id>
        </CdtrAcct>
        <RmtInf>
          <Ustrd>dolores illo eum</Ustrd>
        </RmtInf>
      </CdtTrfTxInf>
    </PmtInf>
    <PmtInf>
      <PmtInfId>PMTINF0QV5D5</PmtInfId>
      <PmtMtd>TRF</PmtMtd>
      <BtchBookg>true</BtchBookg>
      <PmtTpInf>
        <InstrPrty>NORM</InstrPrty>
      </PmtTpInf>
      <ReqdExctnDt>2025-11-07</ReqdExctnDt>
      <Dbtr>
        <Nm>MY.COMPANY/COMPANYC2C</Nm>
        <PstlAdr>
          <Ctry>GH</Ctry>
        </PstlAdr>
      </Dbtr>
      <DbtrAcct>
        <Id>
          <Othr>
            <Id>1234567812341</Id>
          </Othr>
        </Id>
        <Ccy>GHS</Ccy>
      </DbtrAcct>
      <DbtrAgt>
        <FinInstnId>
          <ClrSysMmbId>
            <MmbId>190101</MmbId>
          </ClrSysMmbId>
        </FinInstnId>
      </DbtrAgt>
      <ChrgBr>DEBT</ChrgBr>
      <CdtTrfTxInf>
        <PmtId>
          <InstrId>PMT0UBWA3</InstrId>
          <EndToEndId>INST0LFPNA</EndToEndId>
        </PmtId>
        <Amt>
          <InstdAmt Ccy="GHS">31142</InstdAmt>
        </Amt>
        <CdtrAgt>
          <FinInstnId>
            <ClrSysMmbId>
              <MmbId>190101</MmbId>
            </ClrSysMmbId>
            <Nm>Stanbic Bank Ghana Ltd</Nm>
            <PstlAdr>
              <Ctry>GH</Ctry>
            </PstlAdr>
          </FinInstnId>
        </CdtrAgt>
        <Cdtr>
          <Nm>Darion Ferry</Nm>
          <PstlAdr>
            <StrtNm>Diana Ferry</StrtNm>
            <BldgNb>69868</BldgNb>
            <PstCd>78342-6106</PstCd>
            <TwnNm>Loraineborough</TwnNm>
            <Ctry>GH</Ctry>
          </PstlAdr>
        </Cdtr>
        <CdtrAcct>
          <Id>
            <Othr>
              <Id>1123412345678</Id>
            </Othr>
          </Id>
        </CdtrAcct>
        <RmtInf>
          <Ustrd>adipisci in saepe</Ustrd>
        </RmtInf>
      </CdtTrfTxInf>
    </PmtInf>
    <PmtInf>
      <PmtInfId>PMTINF0Q8N0X</PmtInfId>
      <PmtMtd>TRF</PmtMtd>
      <BtchBookg>true</BtchBookg>
      <PmtTpInf>
        <InstrPrty>NORM</InstrPrty>
      </PmtTpInf>
      <ReqdExctnDt>2025-11-07</ReqdExctnDt>
      <Dbtr>
        <Nm>MY.COMPANY/COMPANYC2C</Nm>
        <PstlAdr>
          <Ctry>GH</Ctry>
        </PstlAdr>
      </Dbtr>
      <DbtrAcct>
        <Id>
          <Othr>
            <Id>1234567812341</Id>
          </Othr>
        </Id>
        <Ccy>GHS</Ccy>
      </DbtrAcct>
      <DbtrAgt>
        <FinInstnId>
          <ClrSysMmbId>
            <MmbId>190101</MmbId>
          </ClrSysMmbId>
        </FinInstnId>
      </DbtrAgt>
      <ChrgBr>DEBT</ChrgBr>
      <CdtTrfTxInf>
        <PmtId>
          <InstrId>PMT0WM5XV</InstrId>
          <EndToEndId>INST05OU77</EndToEndId>
        </PmtId>
        <Amt>
          <InstdAmt Ccy="GHS">95503</InstdAmt>
        </Amt>
        <CdtrAgt>
          <FinInstnId>
            <ClrSysMmbId>
              <MmbId>190101</MmbId>
            </ClrSysMmbId>
            <Nm>Stanbic Bank Ghana Ltd</Nm>
            <PstlAdr>
              <Ctry>GH</Ctry>
            </PstlAdr>
          </FinInstnId>
        </CdtrAgt>
        <Cdtr>
          <Nm>Darion Ferry</Nm>
          <PstlAdr>
            <StrtNm>Tara Oval</StrtNm>
            <BldgNb>9379</BldgNb>
            <PstCd>77677</PstCd>
            <TwnNm>Reeseton</TwnNm>
            <Ctry>GH</Ctry>
          </PstlAdr>
        </Cdtr>
        <CdtrAcct>
          <Id>
            <Othr>
              <Id>1123412345678</Id>
            </Othr>
          </Id>
        </CdtrAcct>
        <RmtInf>
          <Ustrd>voluptatem quaerat illum</Ustrd>
        </RmtInf>
      </CdtTrfTxInf>
    </PmtInf>
    <PmtInf>
      <PmtInfId>PMTINF0YREJL</PmtInfId>
      <PmtMtd>TRF</PmtMtd>
      <BtchBookg>true</BtchBookg>
      <PmtTpInf>
        <InstrPrty>NORM</InstrPrty>
      </PmtTpInf>
      <ReqdExctnDt>2025-11-07</ReqdExctnDt>
      <Dbtr>
        <Nm>MY.COMPANY/COMPANYC2C</Nm>
        <PstlAdr>
          <Ctry>GH</Ctry>
        </PstlAdr>
      </Dbtr>
      <DbtrAcct>
        <Id>
          <Othr>
            <Id>1234567812341</Id>
          </Othr>
        </Id>
        <Ccy>GHS</Ccy>
      </DbtrAcct>
      <DbtrAgt>
        <FinInstnId>
          <ClrSysMmbId>
            <MmbId>190101</MmbId>
          </ClrSysMmbId>
        </FinInstnId>
      </DbtrAgt>
      <ChrgBr>DEBT</ChrgBr>
      <CdtTrfTxInf>
        <PmtId>
          <InstrId>PMT0ZFB0A</InstrId>
          <EndToEndId>INST0ESXFS</EndToEndId>
        </PmtId>
        <Amt>
          <InstdAmt Ccy="GHS">23481</InstdAmt>
        </Amt>
        <CdtrAgt>
          <FinInstnId>
            <ClrSysMmbId>
              <MmbId>190101</MmbId>
            </ClrSysMmbId>
            <Nm>Stanbic Bank Ghana Ltd</Nm>
            <PstlAdr>
              <Ctry>GH</Ctry>
            </PstlAdr>
          </FinInstnId>
        </CdtrAgt>
        <Cdtr>
          <Nm>Darion Ferry</Nm>
          <PstlAdr>
            <StrtNm>Betty Cliff</StrtNm>
            <BldgNb>80235</BldgNb>
            <PstCd>53298</PstCd>
            <TwnNm>Lake Erich</TwnNm>
            <Ctry>GH</Ctry>
          </PstlAdr>
        </Cdtr>
        <CdtrAcct>
          <Id>
            <Othr>
              <Id>1123412345678</Id>
            </Othr>
          </Id>
        </CdtrAcct>
        <RmtInf>
          <Ustrd>voluptatem qui doloribus</Ustrd>
        </RmtInf>
      </CdtTrfTxInf>
    </PmtInf>
    <PmtInf>
      <PmtInfId>PMTINF09HZSN</PmtInfId>
      <PmtMtd>TRF</PmtMtd>
      <BtchBookg>true</BtchBookg>
      <PmtTpInf>
        <InstrPrty>NORM</InstrPrty>
      </PmtTpInf>
      <ReqdExctnDt>2025-11-07</ReqdExctnDt>
      <Dbtr>
        <Nm>MY.COMPANY/COMPANYC2C</Nm>
        <PstlAdr>
          <Ctry>GH</Ctry>
        </PstlAdr>
      </Dbtr>
      <DbtrAcct>
        <Id>
          <Othr>
            <Id>1234567812341</Id>
          </Othr>
        </Id>
        <Ccy>GHS</Ccy>
      </DbtrAcct>
      <DbtrAgt>
        <FinInstnId>
          <ClrSysMmbId>
            <MmbId>190101</MmbId>
          </ClrSysMmbId>
        </FinInstnId>
      </DbtrAgt>
      <ChrgBr>DEBT</ChrgBr>
      <CdtTrfTxInf>
        <PmtId>
          <InstrId>PMT0HAGR8</InstrId>
          <EndToEndId>INST0YRIGO</EndToEndId>
        </PmtId>
        <Amt>
          <InstdAmt Ccy="GHS">79656</InstdAmt>
        </Amt>
        <CdtrAgt>
          <FinInstnId>
            <ClrSysMmbId>
              <MmbId>190101</MmbId>
            </ClrSysMmbId>
            <Nm>Stanbic Bank Ghana Ltd</Nm>
            <PstlAdr>
              <Ctry>GH</Ctry>
            </PstlAdr>
          </FinInstnId>
        </CdtrAgt>
        <Cdtr>
          <Nm>Darion Ferry</Nm>
          <PstlAdr>
            <StrtNm>Terry Squares</StrtNm>
            <BldgNb>9404</BldgNb>
            <PstCd>34630</PstCd>
            <TwnNm>Lake Adrielstad</TwnNm>
            <Ctry>GH</Ctry>
          </PstlAdr>
        </Cdtr>
        <CdtrAcct>
          <Id>
            <Othr>
              <Id>1123412345678</Id>
            </Othr>
          </Id>
        </CdtrAcct>
        <RmtInf>
          <Ustrd>non voluptatem aut</Ustrd>
        </RmtInf>
      </CdtTrfTxInf>
    </PmtInf>
    <PmtInf>
      <PmtInfId>PMTINF03Z8J6</PmtInfId>
      <PmtMtd>TRF</PmtMtd>
      <BtchBookg>true</BtchBookg>
      <PmtTpInf>
        <InstrPrty>NORM</InstrPrty>
      </PmtTpInf>
      <ReqdExctnDt>2025-11-07</ReqdExctnDt>
      <Dbtr>
        <Nm>MY.COMPANY/COMPANYC2C</Nm>
        <PstlAdr>
          <Ctry>GH</Ctry>
        </PstlAdr>
      </Dbtr>
      <DbtrAcct>
        <Id>
          <Othr>
            <Id>1234567812341</Id>
          </Othr>
        </Id>
        <Ccy>GHS</Ccy>
      </DbtrAcct>
      <DbtrAgt>
        <FinInstnId>
          <ClrSysMmbId>
            <MmbId>190101</MmbId>
          </ClrSysMmbId>
        </FinInstnId>
      </DbtrAgt>
      <ChrgBr>DEBT</ChrgBr>
      <CdtTrfTxInf>
        <PmtId>
          <InstrId>PMT0GT5OU</InstrId>
          <EndToEndId>INST0XZG0L</EndToEndId>
        </PmtId>
        <Amt>
          <InstdAmt Ccy="GHS">70077</InstdAmt>
        </Amt>
        <CdtrAgt>
          <FinInstnId>
            <ClrSysMmbId>
              <MmbId>190101</MmbId>
            </ClrSysMmbId>
            <Nm>Stanbic Bank Ghana Ltd</Nm>
            <PstlAdr>
              <Ctry>GH</Ctry>
            </PstlAdr>
          </FinInstnId>
        </CdtrAgt>
        <Cdtr>
          <Nm>Darion Ferry</Nm>
          <PstlAdr>
            <StrtNm>Reynolds Mission</StrtNm>
            <BldgNb>13231</BldgNb>
            <PstCd>05296-7074</PstCd>
            <TwnNm>North Aniyahport</TwnNm>
            <Ctry>GH</Ctry>
          </PstlAdr>
        </Cdtr>
        <CdtrAcct>
          <Id>
            <Othr>
              <Id>1123412345678</Id>
            </Othr>
          </Id>
        </CdtrAcct>
        <RmtInf>
          <Ustrd>perferendis placeat odio</Ustrd>
        </RmtInf>
      </CdtTrfTxInf>
    </PmtInf>
    <PmtInf>
      <PmtInfId>PMTINF0AHITC</PmtInfId>
      <PmtMtd>TRF</PmtMtd>
      <BtchBookg>true</BtchBookg>
      <PmtTpInf>
        <InstrPrty>NORM</InstrPrty>
      </PmtTpInf>
      <ReqdExctnDt>2025-11-07</ReqdExctnDt>
      <Dbtr>
        <Nm>MY.COMPANY/COMPANYC2C</Nm>
        <PstlAdr>
          <Ctry>GH</Ctry>
        </PstlAdr>
      </Dbtr>
      <DbtrAcct>
        <Id>
          <Othr>
            <Id>1234567812341</Id>
          </Othr>
        </Id>
        <Ccy>GHS</Ccy>
      </DbtrAcct>
      <DbtrAgt>
        <FinInstnId>
          <ClrSysMmbId>
            <MmbId>190101</MmbId>
          </ClrSysMmbId>
        </FinInstnId>
      </DbtrAgt>
      <ChrgBr>DEBT</ChrgBr>
      <CdtTrfTxInf>
        <PmtId>
          <InstrId>PMT0V7EHE</InstrId>
          <EndToEndId>INST00FYP8</EndToEndId>
        </PmtId>
        <Amt>
          <InstdAmt Ccy="GHS">95991</InstdAmt>
        </Amt>
        <CdtrAgt>
          <FinInstnId>
            <ClrSysMmbId>
              <MmbId>190101</MmbId>
            </ClrSysMmbId>
            <Nm>Stanbic Bank Ghana Ltd</Nm>
            <PstlAdr>
              <Ctry>GH</Ctry>
            </PstlAdr>
          </FinInstnId>
        </CdtrAgt>
        <Cdtr>
          <Nm>Darion Ferry</Nm>
          <PstlAdr>
            <StrtNm>Schinner Pines</StrtNm>
            <BldgNb>341</BldgNb>
            <PstCd>90842-2243</PstCd>
            <TwnNm>Letaside</TwnNm>
            <Ctry>GH</Ctry>
          </PstlAdr>
        </Cdtr>
        <CdtrAcct>
          <Id>
            <Othr>
              <Id>1123412345678</Id>
            </Othr>
          </Id>
        </CdtrAcct>
        <RmtInf>
          <Ustrd>eos qui sit</Ustrd>
        </RmtInf>
      </CdtTrfTxInf>
    </PmtInf>
    <PmtInf>
      <PmtInfId>PMTINF0H3T81</PmtInfId>
      <PmtMtd>TRF</PmtMtd>
      <BtchBookg>true</BtchBookg>
      <PmtTpInf>
        <InstrPrty>NORM</InstrPrty>
      </PmtTpInf>
      <ReqdExctnDt>2025-11-07</ReqdExctnDt>
      <Dbtr>
        <Nm>MY.COMPANY/COMPANYC2C</Nm>
        <PstlAdr>
          <Ctry>GH</Ctry>
        </PstlAdr>
      </Dbtr>
      <DbtrAcct>
        <Id>
          <Othr>
            <Id>1234567812341</Id>
          </Othr>
        </Id>
        <Ccy>GHS</Ccy>
      </DbtrAcct>
      <DbtrAgt>
        <FinInstnId>
          <ClrSysMmbId>
            <MmbId>190101</MmbId>
          </ClrSysMmbId>
        </FinInstnId>
      </DbtrAgt>
      <ChrgBr>DEBT</ChrgBr>
      <CdtTrfTxInf>
        <PmtId>
          <InstrId>PMT0WYSS6</InstrId>
          <EndToEndId>INST0MR5XB</EndToEndId>
        </PmtId>
        <Amt>
          <InstdAmt Ccy="GHS">85354</InstdAmt>
        </Amt>
        <CdtrAgt>
          <FinInstnId>
            <ClrSysMmbId>
              <MmbId>190101</MmbId>
            </ClrSysMmbId>
            <Nm>Stanbic Bank Ghana Ltd</Nm>
            <PstlAdr>
              <Ctry>GH</Ctry>
            </PstlAdr>
          </FinInstnId>
        </CdtrAgt>
        <Cdtr>
          <Nm>Darion Ferry</Nm>
          <PstlAdr>
            <StrtNm>Alfonso Plains</StrtNm>
            <BldgNb>91488</BldgNb>
            <PstCd>21415</PstCd>
            <TwnNm>Rocioshire</TwnNm>
            <Ctry>GH</Ctry>
          </PstlAdr>
        </Cdtr>
        <CdtrAcct>
          <Id>
            <Othr>
              <Id>1123412345678</Id>
            </Othr>
          </Id>
        </CdtrAcct>
        <RmtInf>
          <Ustrd>architecto est tempore</Ustrd>
        </RmtInf>
      </CdtTrfTxInf>
    </PmtInf>
    <PmtInf>
      <PmtInfId>PMTINF0SE9DU</PmtInfId>
      <PmtMtd>TRF</PmtMtd>
      <BtchBookg>true</BtchBookg>
      <PmtTpInf>
        <InstrPrty>NORM</InstrPrty>
      </PmtTpInf>
      <ReqdExctnDt>2025-11-07</ReqdExctnDt>
      <Dbtr>
        <Nm>MY.COMPANY/COMPANYC2C</Nm>
        <PstlAdr>
          <Ctry>GH</Ctry>
        </PstlAdr>
      </Dbtr>
      <DbtrAcct>
        <Id>
          <Othr>
            <Id>1234567812341</Id>
          </Othr>
        </Id>
        <Ccy>GHS</Ccy>
      </DbtrAcct>
      <DbtrAgt>
        <FinInstnId>
          <ClrSysMmbId>
            <MmbId>190101</MmbId>
          </ClrSysMmbId>
        </FinInstnId>
      </DbtrAgt>
      <ChrgBr>DEBT</ChrgBr>
      <CdtTrfTxInf>
        <PmtId>
          <InstrId>PMT038P9B</InstrId>
          <EndToEndId>INST0TH0RO</EndToEndId>
        </PmtId>
        <Amt>
          <InstdAmt Ccy="GHS">62428</InstdAmt>
        </Amt>
        <CdtrAgt>
          <FinInstnId>
            <ClrSysMmbId>
              <MmbId>190101</MmbId>
            </ClrSysMmbId>
            <Nm>Stanbic Bank Ghana Ltd</Nm>
            <PstlAdr>
              <Ctry>GH</Ctry>
            </PstlAdr>
          </FinInstnId>
        </CdtrAgt>
        <Cdtr>
          <Nm>Darion Ferry</Nm>
          <PstlAdr>
            <StrtNm>Penelope Alley</StrtNm>
            <BldgNb>5249</BldgNb>
            <PstCd>82179-6009</PstCd>
            <TwnNm>North Sandrinechester</TwnNm>
            <Ctry>GH</Ctry>
          </PstlAdr>
        </Cdtr>
        <CdtrAcct>
          <Id>
            <Othr>
              <Id>1123412345678</Id>
            </Othr>
          </Id>
        </CdtrAcct>
        <RmtInf>
          <Ustrd>molestias beatae enim</Ustrd>
        </RmtInf>
      </CdtTrfTxInf>
    </PmtInf>
    <PmtInf>
      <PmtInfId>PMTINF0V8IZR</PmtInfId>
      <PmtMtd>TRF</PmtMtd>
      <BtchBookg>true</BtchBookg>
      <PmtTpInf>
        <InstrPrty>NORM</InstrPrty>
      </PmtTpInf>
      <ReqdExctnDt>2025-11-07</ReqdExctnDt>
      <Dbtr>
        <Nm>MY.COMPANY/COMPANYC2C</Nm>
        <PstlAdr>
          <Ctry>GH</Ctry>
        </PstlAdr>
      </Dbtr>
      <DbtrAcct>
        <Id>
          <Othr>
            <Id>1234567812341</Id>
          </Othr>
        </Id>
        <Ccy>GHS</Ccy>
      </DbtrAcct>
      <DbtrAgt>
        <FinInstnId>
          <ClrSysMmbId>
            <MmbId>190101</MmbId>
          </ClrSysMmbId>
        </FinInstnId>
      </DbtrAgt>
      <ChrgBr>DEBT</ChrgBr>
      <CdtTrfTxInf>
        <PmtId>
          <InstrId>PMT0FXVYY</InstrId>
          <EndToEndId>INST0CEV5B</EndToEndId>
        </PmtId>
        <Amt>
          <InstdAmt Ccy="GHS">10372</InstdAmt>
        </Amt>
        <CdtrAgt>
          <FinInstnId>
            <ClrSysMmbId>
              <MmbId>190101</MmbId>
            </ClrSysMmbId>
            <Nm>Stanbic Bank Ghana Ltd</Nm>
            <PstlAdr>
              <Ctry>GH</Ctry>
            </PstlAdr>
          </FinInstnId>
        </CdtrAgt>
        <Cdtr>
          <Nm>Darion Ferry</Nm>
          <PstlAdr>
            <StrtNm>Berge Corner</StrtNm>
            <BldgNb>13122</BldgNb>
            <PstCd>79572-6377</PstCd>
            <TwnNm>Bechtelarfort</TwnNm>
            <Ctry>GH</Ctry>
          </PstlAdr>
        </Cdtr>
        <CdtrAcct>
          <Id>
            <Othr>
              <Id>1123412345678</Id>
            </Othr>
          </Id>
        </CdtrAcct>
        <RmtInf>
          <Ustrd>ut itaque necessitatibus</Ustrd>
        </RmtInf>
      </CdtTrfTxInf>
    </PmtInf>
    <PmtInf>
      <PmtInfId>PMTINF0YBTLU</PmtInfId>
      <PmtMtd>TRF</PmtMtd>
      <BtchBookg>true</BtchBookg>
      <PmtTpInf>
        <InstrPrty>NORM</InstrPrty>
      </PmtTpInf>
      <ReqdExctnDt>2025-11-07</ReqdExctnDt>
      <Dbtr>
        <Nm>MY.COMPANY/COMPANYC2C</Nm>
        <PstlAdr>
          <Ctry>GH</Ctry>
        </PstlAdr>
      </Dbtr>
      <DbtrAcct>
        <Id>
          <Othr>
            <Id>1234567812341</Id>
          </Othr>
        </Id>
        <Ccy>GHS</Ccy>
      </DbtrAcct>
      <DbtrAgt>
        <FinInstnId>
          <ClrSysMmbId>
            <MmbId>190101</MmbId>
          </ClrSysMmbId>
        </FinInstnId>
      </DbtrAgt>
      <ChrgBr>DEBT</ChrgBr>
      <CdtTrfTxInf>
        <PmtId>
          <InstrId>PMT0AQIKH</InstrId>
          <EndToEndId>INST0YS3PT</EndToEndId>
        </PmtId>
        <Amt>
          <InstdAmt Ccy="GHS">89062</InstdAmt>
        </Amt>
        <CdtrAgt>
          <FinInstnId>
            <ClrSysMmbId>
              <MmbId>190101</MmbId>
            </ClrSysMmbId>
            <Nm>Stanbic Bank Ghana Ltd</Nm>
            <PstlAdr>
              <Ctry>GH</Ctry>
            </PstlAdr>
          </FinInstnId>
        </CdtrAgt>
        <Cdtr>
          <Nm>Darion Ferry</Nm>
          <PstlAdr>
            <StrtNm>Norbert Plaza</StrtNm>
            <BldgNb>988</BldgNb>
            <PstCd>95678</PstCd>
            <TwnNm>Flatleystad</TwnNm>
            <Ctry>GH</Ctry>
          </PstlAdr>
        </Cdtr>
        <CdtrAcct>
          <Id>
            <Othr>
              <Id>1123412345678</Id>
            </Othr>
          </Id>
        </CdtrAcct>
        <RmtInf>
          <Ustrd>aut vel amet</Ustrd>
        </RmtInf>
      </CdtTrfTxInf>
    </PmtInf>
    <PmtInf>
      <PmtInfId>PMTINF0IOOAH</PmtInfId>
      <PmtMtd>TRF</PmtMtd>
      <BtchBookg>true</BtchBookg>
      <PmtTpInf>
        <InstrPrty>NORM</InstrPrty>
      </PmtTpInf>
      <ReqdExctnDt>2025-11-07</ReqdExctnDt>
      <Dbtr>
        <Nm>MY.COMPANY/COMPANYC2C</Nm>
        <PstlAdr>
          <Ctry>GH</Ctry>
        </PstlAdr>
      </Dbtr>
      <DbtrAcct>
        <Id>
          <Othr>
            <Id>1234567812341</Id>
          </Othr>
        </Id>
        <Ccy>GHS</Ccy>
      </DbtrAcct>
      <DbtrAgt>
        <FinInstnId>
          <ClrSysMmbId>
            <MmbId>190101</MmbId>
          </ClrSysMmbId>
        </FinInstnId>
      </DbtrAgt>
      <ChrgBr>DEBT</ChrgBr>
      <CdtTrfTxInf>
        <PmtId>
          <InstrId>PMT0AHH5E</InstrId>
          <EndToEndId>INST09VHVS</EndToEndId>
        </PmtId>
        <Amt>
          <InstdAmt Ccy="GHS">14157</InstdAmt>
        </Amt>
        <CdtrAgt>
          <FinInstnId>
            <ClrSysMmbId>
              <MmbId>190101</MmbId>
            </ClrSysMmbId>
            <Nm>Stanbic Bank Ghana Ltd</Nm>
            <PstlAdr>
              <Ctry>GH</Ctry>
            </PstlAdr>
          </FinInstnId>
        </CdtrAgt>
        <Cdtr>
          <Nm>Darion Ferry</Nm>
          <PstlAdr>
            <StrtNm>Brown Road</StrtNm>
            <BldgNb>22575</BldgNb>
            <PstCd>91230</PstCd>
            <TwnNm>Beattybury</TwnNm>
            <Ctry>GH</Ctry>
          </PstlAdr>
        </Cdtr>
        <CdtrAcct>
          <Id>
            <Othr>
              <Id>1123412345678</Id>
            </Othr>
          </Id>
        </CdtrAcct>
        <RmtInf>
          <Ustrd>officia omnis placeat</Ustrd>
        </RmtInf>
      </CdtTrfTxInf>
    </PmtInf>
    <PmtInf>
      <PmtInfId>PMTINF0UBCI9</PmtInfId>
      <PmtMtd>TRF</PmtMtd>
      <BtchBookg>true</BtchBookg>
      <PmtTpInf>
        <InstrPrty>NORM</InstrPrty>
      </PmtTpInf>
      <ReqdExctnDt>2025-11-07</ReqdExctnDt>
      <Dbtr>
        <Nm>MY.COMPANY/COMPANYC2C</Nm>
        <PstlAdr>
          <Ctry>GH</Ctry>
        </PstlAdr>
      </Dbtr>
      <DbtrAcct>
        <Id>
          <Othr>
            <Id>1234567812341</Id>
          </Othr>
        </Id>
        <Ccy>GHS</Ccy>
      </DbtrAcct>
      <DbtrAgt>
        <FinInstnId>
          <ClrSysMmbId>
            <MmbId>190101</MmbId>
          </ClrSysMmbId>
        </FinInstnId>
      </DbtrAgt>
      <ChrgBr>DEBT</ChrgBr>
      <CdtTrfTxInf>
        <PmtId>
          <InstrId>PMT0J0QW0</InstrId>
          <EndToEndId>INST04OXWE</EndToEndId>
        </PmtId>
        <Amt>
          <InstdAmt Ccy="GHS">70867</InstdAmt>
        </Amt>
        <CdtrAgt>
          <FinInstnId>
            <ClrSysMmbId>
              <MmbId>190101</MmbId>
            </ClrSysMmbId>
            <Nm>Stanbic Bank Ghana Ltd</Nm>
            <PstlAdr>
              <Ctry>GH</Ctry>
            </PstlAdr>
          </FinInstnId>
        </CdtrAgt>
        <Cdtr>
          <Nm>Darion Ferry</Nm>
          <PstlAdr>
            <StrtNm>Oren Spring</StrtNm>
            <BldgNb>5332</BldgNb>
            <PstCd>57687</PstCd>
            <TwnNm>West Angelinamouth</TwnNm>
            <Ctry>GH</Ctry>
          </PstlAdr>
        </Cdtr>
        <CdtrAcct>
          <Id>
            <Othr>
              <Id>1123412345678</Id>
            </Othr>
          </Id>
        </CdtrAcct>
        <RmtInf>
          <Ustrd>veritatis aliquid qui</Ustrd>
        </RmtInf>
      </CdtTrfTxInf>
    </PmtInf>
    <PmtInf>
      <PmtInfId>PMTINF0CPWQB</PmtInfId>
      <PmtMtd>TRF</PmtMtd>
      <BtchBookg>true</BtchBookg>
      <PmtTpInf>
        <InstrPrty>NORM</InstrPrty>
      </PmtTpInf>
      <ReqdExctnDt>2025-11-07</ReqdExctnDt>
      <Dbtr>
        <Nm>MY.COMPANY/COMPANYC2C</Nm>
        <PstlAdr>
          <Ctry>GH</Ctry>
        </PstlAdr>
      </Dbtr>
      <DbtrAcct>
        <Id>
          <Othr>
            <Id>1234567812341</Id>
          </Othr>
        </Id>
        <Ccy>GHS</Ccy>
      </DbtrAcct>
      <DbtrAgt>
        <FinInstnId>
          <ClrSysMmbId>
            <MmbId>190101</MmbId>
          </ClrSysMmbId>
        </FinInstnId>
      </DbtrAgt>
      <ChrgBr>DEBT</ChrgBr>
      <CdtTrfTxInf>
        <PmtId>
          <InstrId>PMT046AY6</InstrId>
          <EndToEndId>INST09TPC2</EndToEndId>
        </PmtId>
        <Amt>
          <InstdAmt Ccy="GHS">80043</InstdAmt>
        </Amt>
        <CdtrAgt>
          <FinInstnId>
            <ClrSysMmbId>
              <MmbId>190101</MmbId>
            </ClrSysMmbId>
            <Nm>Stanbic Bank Ghana Ltd</Nm>
            <PstlAdr>
              <Ctry>GH</Ctry>
            </PstlAdr>
          </FinInstnId>
        </CdtrAgt>
        <Cdtr>
          <Nm>Darion Ferry</Nm>
          <PstlAdr>
            <StrtNm>Blanda Valleys</StrtNm>
            <BldgNb>69404</BldgNb>
            <PstCd>85180-2896</PstCd>
            <TwnNm>New Craig</TwnNm>
            <Ctry>GH</Ctry>
          </PstlAdr>
        </Cdtr>
        <CdtrAcct>
          <Id>
            <Othr>
              <Id>1123412345678</Id>
            </Othr>
          </Id>
        </CdtrAcct>
        <RmtInf>
          <Ustrd>iste atque facilis</Ustrd>
        </RmtInf>
      </CdtTrfTxInf>
    </PmtInf>
    <PmtInf>
      <PmtInfId>PMTINF0EDM5P</PmtInfId>
      <PmtMtd>TRF</PmtMtd>
      <BtchBookg>true</BtchBookg>
      <PmtTpInf>
        <InstrPrty>NORM</InstrPrty>
      </PmtTpInf>
      <ReqdExctnDt>2025-11-07</ReqdExctnDt>
      <Dbtr>
        <Nm>MY.COMPANY/COMPANYC2C</Nm>
        <PstlAdr>
          <Ctry>GH</Ctry>
        </PstlAdr>
      </Dbtr>
      <DbtrAcct>
        <Id>
          <Othr>
            <Id>1234567812341</Id>
          </Othr>
        </Id>
        <Ccy>GHS</Ccy>
      </DbtrAcct>
      <DbtrAgt>
        <FinInstnId>
          <ClrSysMmbId>
            <MmbId>190101</MmbId>
          </ClrSysMmbId>
        </FinInstnId>
      </DbtrAgt>
      <ChrgBr>DEBT</ChrgBr>
      <CdtTrfTxInf>
        <PmtId>
          <InstrId>PMT0B3S4Z</InstrId>
          <EndToEndId>INST0DLH46</EndToEndId>
        </PmtId>
        <Amt>
          <InstdAmt Ccy="GHS">33531</InstdAmt>
        </Amt>
        <CdtrAgt>
          <FinInstnId>
            <ClrSysMmbId>
              <MmbId>190101</MmbId>
            </ClrSysMmbId>
            <Nm>Stanbic Bank Ghana Ltd</Nm>
            <PstlAdr>
              <Ctry>GH</Ctry>
            </PstlAdr>
          </FinInstnId>
        </CdtrAgt>
        <Cdtr>
          <Nm>Darion Ferry</Nm>
          <PstlAdr>
            <StrtNm>Frami Plains</StrtNm>
            <BldgNb>46859</BldgNb>
            <PstCd>76232-3643</PstCd>
            <TwnNm>Monahanton</TwnNm>
            <Ctry>GH</Ctry>
          </PstlAdr>
        </Cdtr>
        <CdtrAcct>
          <Id>
            <Othr>
              <Id>1123412345678</Id>
            </Othr>
          </Id>
        </CdtrAcct>
        <RmtInf>
          <Ustrd>et doloribus ullam</Ustrd>
        </RmtInf>
      </CdtTrfTxInf>
    </PmtInf>
    <PmtInf>
      <PmtInfId>PMTINF0Z9AJY</PmtInfId>
      <PmtMtd>TRF</PmtMtd>
      <BtchBookg>true</BtchBookg>
      <PmtTpInf>
        <InstrPrty>NORM</InstrPrty>
      </PmtTpInf>
      <ReqdExctnDt>2025-11-07</ReqdExctnDt>
      <Dbtr>
        <Nm>MY.COMPANY/COMPANYC2C</Nm>
        <PstlAdr>
          <Ctry>GH</Ctry>
        </PstlAdr>
      </Dbtr>
      <DbtrAcct>
        <Id>
          <Othr>
            <Id>1234567812341</Id>
          </Othr>
        </Id>
        <Ccy>GHS</Ccy>
      </DbtrAcct>
      <DbtrAgt>
        <FinInstnId>
          <ClrSysMmbId>
            <MmbId>190101</MmbId>
          </ClrSysMmbId>
        </FinInstnId>
      </DbtrAgt>
      <ChrgBr>DEBT</ChrgBr>
      <CdtTrfTxInf>
        <PmtId>
          <InstrId>PMT077DHH</InstrId>
          <EndToEndId>INST0PMH0R</EndToEndId>
        </PmtId>
        <Amt>
          <InstdAmt Ccy="GHS">75605</InstdAmt>
        </Amt>
        <CdtrAgt>
          <FinInstnId>
            <ClrSysMmbId>
              <MmbId>190101</MmbId>
            </ClrSysMmbId>
            <Nm>Stanbic Bank Ghana Ltd</Nm>
            <PstlAdr>
              <Ctry>GH</Ctry>
            </PstlAdr>
          </FinInstnId>
        </CdtrAgt>
        <Cdtr>
          <Nm>Darion Ferry</Nm>
          <PstlAdr>
            <StrtNm>Turner Key</StrtNm>
            <BldgNb>99332</BldgNb>
            <PstCd>23352</PstCd>
            <TwnNm>Roobmouth</TwnNm>
            <Ctry>GH</Ctry>
          </PstlAdr>
        </Cdtr>
        <CdtrAcct>
          <Id>
            <Othr>
              <Id>1123412345678</Id>
            </Othr>
          </Id>
        </CdtrAcct>
        <RmtInf>
          <Ustrd>earum porro porro</Ustrd>
        </RmtInf>
      </CdtTrfTxInf>
    </PmtInf>
    <PmtInf>
      <PmtInfId>PMTINF0BJ8OY</PmtInfId>
      <PmtMtd>TRF</PmtMtd>
      <BtchBookg>true</BtchBookg>
      <PmtTpInf>
        <InstrPrty>NORM</InstrPrty>
      </PmtTpInf>
      <ReqdExctnDt>2025-11-07</ReqdExctnDt>
      <Dbtr>
        <Nm>MY.COMPANY/COMPANYC2C</Nm>
        <PstlAdr>
          <Ctry>GH</Ctry>
        </PstlAdr>
      </Dbtr>
      <DbtrAcct>
        <Id>
          <Othr>
            <Id>1234567812341</Id>
          </Othr>
        </Id>
        <Ccy>GHS</Ccy>
      </DbtrAcct>
      <DbtrAgt>
        <FinInstnId>
          <ClrSysMmbId>
            <MmbId>190101</MmbId>
          </ClrSysMmbId>
        </FinInstnId>
      </DbtrAgt>
      <ChrgBr>DEBT</ChrgBr>
      <CdtTrfTxInf>
        <PmtId>
          <InstrId>PMT0PCMEQ</InstrId>
          <EndToEndId>INST0TMCFB</EndToEndId>
        </PmtId>
        <Amt>
          <InstdAmt Ccy="GHS">26229</InstdAmt>
        </Amt>
        <CdtrAgt>
          <FinInstnId>
            <ClrSysMmbId>
              <MmbId>190101</MmbId>
            </ClrSysMmbId>
            <Nm>Stanbic Bank Ghana Ltd</Nm>
            <PstlAdr>
              <Ctry>GH</Ctry>
            </PstlAdr>
          </FinInstnId>
        </CdtrAgt>
        <Cdtr>
          <Nm>Darion Ferry</Nm>
          <PstlAdr>
            <StrtNm>Kailey Manor</StrtNm>
            <BldgNb>22397</BldgNb>
            <PstCd>34307</PstCd>
            <TwnNm>Toniville</TwnNm>
            <Ctry>GH</Ctry>
          </PstlAdr>
        </Cdtr>
        <CdtrAcct>
          <Id>
            <Othr>
              <Id>1123412345678</Id>
            </Othr>
          </Id>
        </CdtrAcct>
        <RmtInf>
          <Ustrd>iste vitae qui</Ustrd>
        </RmtInf>
      </CdtTrfTxInf>
    </PmtInf>
    <PmtInf>
      <PmtInfId>PMTINF00FGFP</PmtInfId>
      <PmtMtd>TRF</PmtMtd>
      <BtchBookg>true</BtchBookg>
      <PmtTpInf>
        <InstrPrty>NORM</InstrPrty>
      </PmtTpInf>
      <ReqdExctnDt>2025-11-07</ReqdExctnDt>
      <Dbtr>
        <Nm>MY.COMPANY/COMPANYC2C</Nm>
        <PstlAdr>
          <Ctry>GH</Ctry>
        </PstlAdr>
      </Dbtr>
      <DbtrAcct>
        <Id>
          <Othr>
            <Id>1234567812341</Id>
          </Othr>
        </Id>
        <Ccy>GHS</Ccy>
      </DbtrAcct>
      <DbtrAgt>
        <FinInstnId>
          <ClrSysMmbId>
            <MmbId>190101</MmbId>
          </ClrSysMmbId>
        </FinInstnId>
      </DbtrAgt>
      <ChrgBr>DEBT</ChrgBr>
      <CdtTrfTxInf>
        <PmtId>
          <InstrId>PMT0EGSQC</InstrId>
          <EndToEndId>INST0X7J7A</EndToEndId>
        </PmtId>
        <Amt>
          <InstdAmt Ccy="GHS">55819</InstdAmt>
        </Amt>
        <CdtrAgt>
          <FinInstnId>
            <ClrSysMmbId>
              <MmbId>190101</MmbId>
            </ClrSysMmbId>
            <Nm>Stanbic Bank Ghana Ltd</Nm>
            <PstlAdr>
              <Ctry>GH</Ctry>
            </PstlAdr>
          </FinInstnId>
        </CdtrAgt>
        <Cdtr>
          <Nm>Darion Ferry</Nm>
          <PstlAdr>
            <StrtNm>Herzog Mountains</StrtNm>
            <BldgNb>41050</BldgNb>
            <PstCd>30660-0869</PstCd>
            <TwnNm>Batzville</TwnNm>
            <Ctry>GH</Ctry>
          </PstlAdr>
        </Cdtr>
        <CdtrAcct>
          <Id>
            <Othr>
              <Id>1123412345678</Id>
            </Othr>
          </Id>
        </CdtrAcct>
        <RmtInf>
          <Ustrd>ad hic illum</Ustrd>
        </RmtInf>
      </CdtTrfTxInf>
    </PmtInf>
    <PmtInf>
      <PmtInfId>PMTINF0SYVKH</PmtInfId>
      <PmtMtd>TRF</PmtMtd>
      <BtchBookg>true</BtchBookg>
      <PmtTpInf>
        <InstrPrty>NORM</InstrPrty>
      </PmtTpInf>
      <ReqdExctnDt>2025-11-07</ReqdExctnDt>
      <Dbtr>
        <Nm>MY.COMPANY/COMPANYC2C</Nm>
        <PstlAdr>
          <Ctry>GH</Ctry>
        </PstlAdr>
      </Dbtr>
      <DbtrAcct>
        <Id>
          <Othr>
            <Id>1234567812341</Id>
          </Othr>
        </Id>
        <Ccy>GHS</Ccy>
      </DbtrAcct>
      <DbtrAgt>
        <FinInstnId>
          <ClrSysMmbId>
            <MmbId>190101</MmbId>
          </ClrSysMmbId>
        </FinInstnId>
      </DbtrAgt>
      <ChrgBr>DEBT</ChrgBr>
      <CdtTrfTxInf>
        <PmtId>
          <InstrId>PMT0Z3ABH</InstrId>
          <EndToEndId>INST013M06</EndToEndId>
        </PmtId>
        <Amt>
          <InstdAmt Ccy="GHS">42407</InstdAmt>
        </Amt>
        <CdtrAgt>
          <FinInstnId>
            <ClrSysMmbId>
              <MmbId>190101</MmbId>
            </ClrSysMmbId>
            <Nm>Stanbic Bank Ghana Ltd</Nm>
            <PstlAdr>
              <Ctry>GH</Ctry>
            </PstlAdr>
          </FinInstnId>
        </CdtrAgt>
        <Cdtr>
          <Nm>Darion Ferry</Nm>
          <PstlAdr>
            <StrtNm>Dominic Crest</StrtNm>
            <BldgNb>218</BldgNb>
            <PstCd>55420-9174</PstCd>
            <TwnNm>Lake Rahsaanfort</TwnNm>
            <Ctry>GH</Ctry>
          </PstlAdr>
        </Cdtr>
        <CdtrAcct>
          <Id>
            <Othr>
              <Id>1123412345678</Id>
            </Othr>
          </Id>
        </CdtrAcct>
        <RmtInf>
          <Ustrd>quo alias omnis</Ustrd>
        </RmtInf>
      </CdtTrfTxInf>
    </PmtInf>
    <PmtInf>
      <PmtInfId>PMTINF0BKV54</PmtInfId>
      <PmtMtd>TRF</PmtMtd>
      <BtchBookg>true</BtchBookg>
      <PmtTpInf>
        <InstrPrty>NORM</InstrPrty>
      </PmtTpInf>
      <ReqdExctnDt>2025-11-07</ReqdExctnDt>
      <Dbtr>
        <Nm>MY.COMPANY/COMPANYC2C</Nm>
        <PstlAdr>
          <Ctry>GH</Ctry>
        </PstlAdr>
      </Dbtr>
      <DbtrAcct>
        <Id>
          <Othr>
            <Id>1234567812341</Id>
          </Othr>
        </Id>
        <Ccy>GHS</Ccy>
      </DbtrAcct>
      <DbtrAgt>
        <FinInstnId>
          <ClrSysMmbId>
            <MmbId>190101</MmbId>
          </ClrSysMmbId>
        </FinInstnId>
      </DbtrAgt>
      <ChrgBr>DEBT</ChrgBr>
      <CdtTrfTxInf>
        <PmtId>
          <InstrId>PMT04727X</InstrId>
          <EndToEndId>INST0UJB75</EndToEndId>
        </PmtId>
        <Amt>
          <InstdAmt Ccy="GHS">54157</InstdAmt>
        </Amt>
        <CdtrAgt>
          <FinInstnId>
            <ClrSysMmbId>
              <MmbId>190101</MmbId>
            </ClrSysMmbId>
            <Nm>Stanbic Bank Ghana Ltd</Nm>
            <PstlAdr>
              <Ctry>GH</Ctry>
            </PstlAdr>
          </FinInstnId>
        </CdtrAgt>
        <Cdtr>
          <Nm>Darion Ferry</Nm>
          <PstlAdr>
            <StrtNm>Becker Glen</StrtNm>
            <BldgNb>59177</BldgNb>
            <PstCd>74966</PstCd>
            <TwnNm>North Jammiemouth</TwnNm>
            <Ctry>GH</Ctry>
          </PstlAdr>
        </Cdtr>
        <CdtrAcct>
          <Id>
            <Othr>
              <Id>1123412345678</Id>
            </Othr>
          </Id>
        </CdtrAcct>
        <RmtInf>
          <Ustrd>voluptas sunt impedit</Ustrd>
        </RmtInf>
      </CdtTrfTxInf>
    </PmtInf>
    <PmtInf>
      <PmtInfId>PMTINF0TQCZY</PmtInfId>
      <PmtMtd>TRF</PmtMtd>
      <BtchBookg>true</BtchBookg>
      <PmtTpInf>
        <InstrPrty>NORM</InstrPrty>
      </PmtTpInf>
      <ReqdExctnDt>2025-11-07</ReqdExctnDt>
      <Dbtr>
        <Nm>MY.COMPANY/COMPANYC2C</Nm>
        <PstlAdr>
          <Ctry>GH</Ctry>
        </PstlAdr>
      </Dbtr>
      <DbtrAcct>
        <Id>
          <Othr>
            <Id>1234567812341</Id>
          </Othr>
        </Id>
        <Ccy>GHS</Ccy>
      </DbtrAcct>
      <DbtrAgt>
        <FinInstnId>
          <ClrSysMmbId>
            <MmbId>190101</MmbId>
          </ClrSysMmbId>
        </FinInstnId>
      </DbtrAgt>
      <ChrgBr>DEBT</ChrgBr>
      <CdtTrfTxInf>
        <PmtId>
          <InstrId>PMT0HFIYF</InstrId>
          <EndToEndId>INST0OTAHX</EndToEndId>
        </PmtId>
        <Amt>
          <InstdAmt Ccy="GHS">66617</InstdAmt>
        </Amt>
        <CdtrAgt>
          <FinInstnId>
            <ClrSysMmbId>
              <MmbId>190101</MmbId>
            </ClrSysMmbId>
            <Nm>Stanbic Bank Ghana Ltd</Nm>
            <PstlAdr>
              <Ctry>GH</Ctry>
            </PstlAdr>
          </FinInstnId>
        </CdtrAgt>
        <Cdtr>
          <Nm>Darion Ferry</Nm>
          <PstlAdr>
            <StrtNm>Rohan Glens</StrtNm>
            <BldgNb>961</BldgNb>
            <PstCd>00137</PstCd>
            <TwnNm>Lake Giannihaven</TwnNm>
            <Ctry>GH</Ctry>
          </PstlAdr>
        </Cdtr>
        <CdtrAcct>
          <Id>
            <Othr>
              <Id>1123412345678</Id>
            </Othr>
          </Id>
        </CdtrAcct>
        <RmtInf>
          <Ustrd>soluta maxime repellat</Ustrd>
        </RmtInf>
      </CdtTrfTxInf>
    </PmtInf>
    <PmtInf>
      <PmtInfId>PMTINF0E1ZQD</PmtInfId>
      <PmtMtd>TRF</PmtMtd>
      <BtchBookg>true</BtchBookg>
      <PmtTpInf>
        <InstrPrty>NORM</InstrPrty>
      </PmtTpInf>
      <ReqdExctnDt>2025-11-07</ReqdExctnDt>
      <Dbtr>
        <Nm>MY.COMPANY/COMPANYC2C</Nm>
        <PstlAdr>
          <Ctry>GH</Ctry>
        </PstlAdr>
      </Dbtr>
      <DbtrAcct>
        <Id>
          <Othr>
            <Id>1234567812341</Id>
          </Othr>
        </Id>
        <Ccy>GHS</Ccy>
      </DbtrAcct>
      <DbtrAgt>
        <FinInstnId>
          <ClrSysMmbId>
            <MmbId>190101</MmbId>
          </ClrSysMmbId>
        </FinInstnId>
      </DbtrAgt>
      <ChrgBr>DEBT</ChrgBr>
      <CdtTrfTxInf>
        <PmtId>
          <InstrId>PMT034MB9</InstrId>
          <EndToEndId>INST0TGIDK</EndToEndId>
        </PmtId>
        <Amt>
          <InstdAmt Ccy="GHS">15573</InstdAmt>
        </Amt>
        <CdtrAgt>
          <FinInstnId>
            <ClrSysMmbId>
              <MmbId>190101</MmbId>
            </ClrSysMmbId>
            <Nm>Stanbic Bank Ghana Ltd</Nm>
            <PstlAdr>
              <Ctry>GH</Ctry>
            </PstlAdr>
          </FinInstnId>
        </CdtrAgt>
        <Cdtr>
          <Nm>Darion Ferry</Nm>
          <PstlAdr>
            <StrtNm>Jon Summit</StrtNm>
            <BldgNb>8873</BldgNb>
            <PstCd>13626</PstCd>
            <TwnNm>Lake Godfreymouth</TwnNm>
            <Ctry>GH</Ctry>
          </PstlAdr>
        </Cdtr>
        <CdtrAcct>
          <Id>
            <Othr>
              <Id>1123412345678</Id>
            </Othr>
          </Id>
        </CdtrAcct>
        <RmtInf>
          <Ustrd>laboriosam nemo laborum</Ustrd>
        </RmtInf>
      </CdtTrfTxInf>
    </PmtInf>
    <PmtInf>
      <PmtInfId>PMTINF0X0KVG</PmtInfId>
      <PmtMtd>TRF</PmtMtd>
      <BtchBookg>true</BtchBookg>
      <PmtTpInf>
        <InstrPrty>NORM</InstrPrty>
      </PmtTpInf>
      <ReqdExctnDt>2025-11-07</ReqdExctnDt>
      <Dbtr>
        <Nm>MY.COMPANY/COMPANYC2C</Nm>
        <PstlAdr>
          <Ctry>GH</Ctry>
        </PstlAdr>
      </Dbtr>
      <DbtrAcct>
        <Id>
          <Othr>
            <Id>1234567812341</Id>
          </Othr>
        </Id>
        <Ccy>GHS</Ccy>
      </DbtrAcct>
      <DbtrAgt>
        <FinInstnId>
          <ClrSysMmbId>
            <MmbId>190101</MmbId>
          </ClrSysMmbId>
        </FinInstnId>
      </DbtrAgt>
      <ChrgBr>DEBT</ChrgBr>
      <CdtTrfTxInf>
        <PmtId>
          <InstrId>PMT0MUGAC</InstrId>
          <EndToEndId>INST0C19AJ</EndToEndId>
        </PmtId>
        <Amt>
          <InstdAmt Ccy="GHS">39491</InstdAmt>
        </Amt>
        <CdtrAgt>
          <FinInstnId>
            <ClrSysMmbId>
              <MmbId>190101</MmbId>
            </ClrSysMmbId>
            <Nm>Stanbic Bank Ghana Ltd</Nm>
            <PstlAdr>
              <Ctry>GH</Ctry>
            </PstlAdr>
          </FinInstnId>
        </CdtrAgt>
        <Cdtr>
          <Nm>Darion Ferry</Nm>
          <PstlAdr>
            <StrtNm>Marcos Spring</StrtNm>
            <BldgNb>69045</BldgNb>
            <PstCd>84647-7652</PstCd>
            <TwnNm>Port Maxwell</TwnNm>
            <Ctry>GH</Ctry>
          </PstlAdr>
        </Cdtr>
        <CdtrAcct>
          <Id>
            <Othr>
              <Id>1123412345678</Id>
            </Othr>
          </Id>
        </CdtrAcct>
        <RmtInf>
          <Ustrd>est repellat ut</Ustrd>
        </RmtInf>
      </CdtTrfTxInf>
    </PmtInf>
    <PmtInf>
      <PmtInfId>PMTINF04MBXP</PmtInfId>
      <PmtMtd>TRF</PmtMtd>
      <BtchBookg>true</BtchBookg>
      <PmtTpInf>
        <InstrPrty>NORM</InstrPrty>
      </PmtTpInf>
      <ReqdExctnDt>2025-11-07</ReqdExctnDt>
      <Dbtr>
        <Nm>MY.COMPANY/COMPANYC2C</Nm>
        <PstlAdr>
          <Ctry>GH</Ctry>
        </PstlAdr>
      </Dbtr>
      <DbtrAcct>
        <Id>
          <Othr>
            <Id>1234567812341</Id>
          </Othr>
        </Id>
        <Ccy>GHS</Ccy>
      </DbtrAcct>
      <DbtrAgt>
        <FinInstnId>
          <ClrSysMmbId>
            <MmbId>190101</MmbId>
          </ClrSysMmbId>
        </FinInstnId>
      </DbtrAgt>
      <ChrgBr>DEBT</ChrgBr>
      <CdtTrfTxInf>
        <PmtId>
          <InstrId>PMT0CO5TR</InstrId>
          <EndToEndId>INST0TY4ZJ</EndToEndId>
        </PmtId>
        <Amt>
          <InstdAmt Ccy="GHS">36950</InstdAmt>
        </Amt>
        <CdtrAgt>
          <FinInstnId>
            <ClrSysMmbId>
              <MmbId>190101</MmbId>
            </ClrSysMmbId>
            <Nm>Stanbic Bank Ghana Ltd</Nm>
            <PstlAdr>
              <Ctry>GH</Ctry>
            </PstlAdr>
          </FinInstnId>
        </CdtrAgt>
        <Cdtr>
          <Nm>Darion Ferry</Nm>
          <PstlAdr>
            <StrtNm>Shaniya Loaf</StrtNm>
            <BldgNb>299</BldgNb>
            <PstCd>04278-3546</PstCd>
            <TwnNm>Lake Robynshire</TwnNm>
            <Ctry>GH</Ctry>
          </PstlAdr>
        </Cdtr>
        <CdtrAcct>
          <Id>
            <Othr>
              <Id>1123412345678</Id>
            </Othr>
          </Id>
        </CdtrAcct>
        <RmtInf>
          <Ustrd>est qui qui</Ustrd>
        </RmtInf>
      </CdtTrfTxInf>
    </PmtInf>
    <PmtInf>
      <PmtInfId>PMTINF07P4TX</PmtInfId>
      <PmtMtd>TRF</PmtMtd>
      <BtchBookg>true</BtchBookg>
      <PmtTpInf>
        <InstrPrty>NORM</InstrPrty>
      </PmtTpInf>
      <ReqdExctnDt>2025-11-07</ReqdExctnDt>
      <Dbtr>
        <Nm>MY.COMPANY/COMPANYC2C</Nm>
        <PstlAdr>
          <Ctry>GH</Ctry>
        </PstlAdr>
      </Dbtr>
      <DbtrAcct>
        <Id>
          <Othr>
            <Id>1234567812341</Id>
          </Othr>
        </Id>
        <Ccy>GHS</Ccy>
      </DbtrAcct>
      <DbtrAgt>
        <FinInstnId>
          <ClrSysMmbId>
            <MmbId>190101</MmbId>
          </ClrSysMmbId>
        </FinInstnId>
      </DbtrAgt>
      <ChrgBr>DEBT</ChrgBr>
      <CdtTrfTxInf>
        <PmtId>
          <InstrId>PMT0L7XJ8</InstrId>
          <EndToEndId>INST03NB8G</EndToEndId>
        </PmtId>
        <Amt>
          <InstdAmt Ccy="GHS">11131</InstdAmt>
        </Amt>
        <CdtrAgt>
          <FinInstnId>
            <ClrSysMmbId>
              <MmbId>190101</MmbId>
            </ClrSysMmbId>
            <Nm>Stanbic Bank Ghana Ltd</Nm>
            <PstlAdr>
              <Ctry>GH</Ctry>
            </PstlAdr>
          </FinInstnId>
        </CdtrAgt>
        <Cdtr>
          <Nm>Darion Ferry</Nm>
          <PstlAdr>
            <StrtNm>White Parkways</StrtNm>
            <BldgNb>5497</BldgNb>
            <PstCd>52785-0561</PstCd>
            <TwnNm>North Garlandland</TwnNm>
            <Ctry>GH</Ctry>
          </PstlAdr>
        </Cdtr>
        <CdtrAcct>
          <Id>
            <Othr>
              <Id>1123412345678</Id>
            </Othr>
          </Id>
        </CdtrAcct>
        <RmtInf>
          <Ustrd>quos minima quasi</Ustrd>
        </RmtInf>
      </CdtTrfTxInf>
    </PmtInf>
    <PmtInf>
      <PmtInfId>PMTINF0LOTO0</PmtInfId>
      <PmtMtd>TRF</PmtMtd>
      <BtchBookg>true</BtchBookg>
      <PmtTpInf>
        <InstrPrty>NORM</InstrPrty>
      </PmtTpInf>
      <ReqdExctnDt>2025-11-07</ReqdExctnDt>
      <Dbtr>
        <Nm>MY.COMPANY/COMPANYC2C</Nm>
        <PstlAdr>
          <Ctry>GH</Ctry>
        </PstlAdr>
      </Dbtr>
      <DbtrAcct>
        <Id>
          <Othr>
            <Id>1234567812341</Id>
          </Othr>
        </Id>
        <Ccy>GHS</Ccy>
      </DbtrAcct>
      <DbtrAgt>
        <FinInstnId>
          <ClrSysMmbId>
            <MmbId>190101</MmbId>
          </ClrSysMmbId>
        </FinInstnId>
      </DbtrAgt>
      <ChrgBr>DEBT</ChrgBr>
      <CdtTrfTxInf>
        <PmtId>
          <InstrId>PMT0ZDNT9</InstrId>
          <EndToEndId>INST0DHSP9</EndToEndId>
        </PmtId>
        <Amt>
          <InstdAmt Ccy="GHS">68562</InstdAmt>
        </Amt>
        <CdtrAgt>
          <FinInstnId>
            <ClrSysMmbId>
              <MmbId>190101</MmbId>
            </ClrSysMmbId>
            <Nm>Stanbic Bank Ghana Ltd</Nm>
            <PstlAdr>
              <Ctry>GH</Ctry>
            </PstlAdr>
          </FinInstnId>
        </CdtrAgt>
        <Cdtr>
          <Nm>Darion Ferry</Nm>
          <PstlAdr>
            <StrtNm>Elena Well</StrtNm>
            <BldgNb>8328</BldgNb>
            <PstCd>41274</PstCd>
            <TwnNm>Tyreemouth</TwnNm>
            <Ctry>GH</Ctry>
          </PstlAdr>
        </Cdtr>
        <CdtrAcct>
          <Id>
            <Othr>
              <Id>1123412345678</Id>
            </Othr>
          </Id>
        </CdtrAcct>
        <RmtInf>
          <Ustrd>tempore velit laborum</Ustrd>
        </RmtInf>
      </CdtTrfTxInf>
    </PmtInf>
    <PmtInf>
      <PmtInfId>PMTINF0RFJJ1</PmtInfId>
      <PmtMtd>TRF</PmtMtd>
      <BtchBookg>true</BtchBookg>
      <PmtTpInf>
        <InstrPrty>NORM</InstrPrty>
      </PmtTpInf>
      <ReqdExctnDt>2025-11-07</ReqdExctnDt>
      <Dbtr>
        <Nm>MY.COMPANY/COMPANYC2C</Nm>
        <PstlAdr>
          <Ctry>GH</Ctry>
        </PstlAdr>
      </Dbtr>
      <DbtrAcct>
        <Id>
          <Othr>
            <Id>1234567812341</Id>
          </Othr>
        </Id>
        <Ccy>GHS</Ccy>
      </DbtrAcct>
      <DbtrAgt>
        <FinInstnId>
          <ClrSysMmbId>
            <MmbId>190101</MmbId>
          </ClrSysMmbId>
        </FinInstnId>
      </DbtrAgt>
      <ChrgBr>DEBT</ChrgBr>
      <CdtTrfTxInf>
        <PmtId>
          <InstrId>PMT07ZVEQ</InstrId>
          <EndToEndId>INST0PW3WH</EndToEndId>
        </PmtId>
        <Amt>
          <InstdAmt Ccy="GHS">63274</InstdAmt>
        </Amt>
        <CdtrAgt>
          <FinInstnId>
            <ClrSysMmbId>
              <MmbId>190101</MmbId>
            </ClrSysMmbId>
            <Nm>Stanbic Bank Ghana Ltd</Nm>
            <PstlAdr>
              <Ctry>GH</Ctry>
            </PstlAdr>
          </FinInstnId>
        </CdtrAgt>
        <Cdtr>
          <Nm>Darion Ferry</Nm>
          <PstlAdr>
            <StrtNm>Shanahan Locks</StrtNm>
            <BldgNb>1648</BldgNb>
            <PstCd>01792</PstCd>
            <TwnNm>Schusterville</TwnNm>
            <Ctry>GH</Ctry>
          </PstlAdr>
        </Cdtr>
        <CdtrAcct>
          <Id>
            <Othr>
              <Id>1123412345678</Id>
            </Othr>
          </Id>
        </CdtrAcct>
        <RmtInf>
          <Ustrd>quis optio nihil</Ustrd>
        </RmtInf>
      </CdtTrfTxInf>
    </PmtInf>
    <PmtInf>
      <PmtInfId>PMTINF0SFLMM</PmtInfId>
      <PmtMtd>TRF</PmtMtd>
      <BtchBookg>true</BtchBookg>
      <PmtTpInf>
        <InstrPrty>NORM</InstrPrty>
      </PmtTpInf>
      <ReqdExctnDt>2025-11-07</ReqdExctnDt>
      <Dbtr>
        <Nm>MY.COMPANY/COMPANYC2C</Nm>
        <PstlAdr>
          <Ctry>GH</Ctry>
        </PstlAdr>
      </Dbtr>
      <DbtrAcct>
        <Id>
          <Othr>
            <Id>1234567812341</Id>
          </Othr>
        </Id>
        <Ccy>GHS</Ccy>
      </DbtrAcct>
      <DbtrAgt>
        <FinInstnId>
          <ClrSysMmbId>
            <MmbId>190101</MmbId>
          </ClrSysMmbId>
        </FinInstnId>
      </DbtrAgt>
      <ChrgBr>DEBT</ChrgBr>
      <CdtTrfTxInf>
        <PmtId>
          <InstrId>PMT0QW99X</InstrId>
          <EndToEndId>INST08NBQB</EndToEndId>
        </PmtId>
        <Amt>
          <InstdAmt Ccy="GHS">69003</InstdAmt>
        </Amt>
        <CdtrAgt>
          <FinInstnId>
            <ClrSysMmbId>
              <MmbId>190101</MmbId>
            </ClrSysMmbId>
            <Nm>Stanbic Bank Ghana Ltd</Nm>
            <PstlAdr>
              <Ctry>GH</Ctry>
            </PstlAdr>
          </FinInstnId>
        </CdtrAgt>
        <Cdtr>
          <Nm>Darion Ferry</Nm>
          <PstlAdr>
            <StrtNm>Miller Heights</StrtNm>
            <BldgNb>717</BldgNb>
            <PstCd>81579-2351</PstCd>
            <TwnNm>West Eloiseview</TwnNm>
            <Ctry>GH</Ctry>
          </PstlAdr>
        </Cdtr>
        <CdtrAcct>
          <Id>
            <Othr>
              <Id>1123412345678</Id>
            </Othr>
          </Id>
        </CdtrAcct>
        <RmtInf>
          <Ustrd>omnis sint et</Ustrd>
        </RmtInf>
      </CdtTrfTxInf>
    </PmtInf>
    <PmtInf>
      <PmtInfId>PMTINF0UR0EB</PmtInfId>
      <PmtMtd>TRF</PmtMtd>
      <BtchBookg>true</BtchBookg>
      <PmtTpInf>
        <InstrPrty>NORM</InstrPrty>
      </PmtTpInf>
      <ReqdExctnDt>2025-11-07</ReqdExctnDt>
      <Dbtr>
        <Nm>MY.COMPANY/COMPANYC2C</Nm>
        <PstlAdr>
          <Ctry>GH</Ctry>
        </PstlAdr>
      </Dbtr>
      <DbtrAcct>
        <Id>
          <Othr>
            <Id>1234567812341</Id>
          </Othr>
        </Id>
        <Ccy>GHS</Ccy>
      </DbtrAcct>
      <DbtrAgt>
        <FinInstnId>
          <ClrSysMmbId>
            <MmbId>190101</MmbId>
          </ClrSysMmbId>
        </FinInstnId>
      </DbtrAgt>
      <ChrgBr>DEBT</ChrgBr>
      <CdtTrfTxInf>
        <PmtId>
          <InstrId>PMT0SDT20</InstrId>
          <EndToEndId>INST0CUHC9</EndToEndId>
        </PmtId>
        <Amt>
          <InstdAmt Ccy="GHS">18878</InstdAmt>
        </Amt>
        <CdtrAgt>
          <FinInstnId>
            <ClrSysMmbId>
              <MmbId>190101</MmbId>
            </ClrSysMmbId>
            <Nm>Stanbic Bank Ghana Ltd</Nm>
            <PstlAdr>
              <Ctry>GH</Ctry>
            </PstlAdr>
          </FinInstnId>
        </CdtrAgt>
        <Cdtr>
          <Nm>Darion Ferry</Nm>
          <PstlAdr>
            <StrtNm>Bernier Trail</StrtNm>
            <BldgNb>40247</BldgNb>
            <PstCd>77351-1543</PstCd>
            <TwnNm>Deckowhaven</TwnNm>
            <Ctry>GH</Ctry>
          </PstlAdr>
        </Cdtr>
        <CdtrAcct>
          <Id>
            <Othr>
              <Id>1123412345678</Id>
            </Othr>
          </Id>
        </CdtrAcct>
        <RmtInf>
          <Ustrd>eveniet velit velit</Ustrd>
        </RmtInf>
      </CdtTrfTxInf>
    </PmtInf>
    <PmtInf>
      <PmtInfId>PMTINF0ETQDB</PmtInfId>
      <PmtMtd>TRF</PmtMtd>
      <BtchBookg>true</BtchBookg>
      <PmtTpInf>
        <InstrPrty>NORM</InstrPrty>
      </PmtTpInf>
      <ReqdExctnDt>2025-11-07</ReqdExctnDt>
      <Dbtr>
        <Nm>MY.COMPANY/COMPANYC2C</Nm>
        <PstlAdr>
          <Ctry>GH</Ctry>
        </PstlAdr>
      </Dbtr>
      <DbtrAcct>
        <Id>
          <Othr>
            <Id>1234567812341</Id>
          </Othr>
        </Id>
        <Ccy>GHS</Ccy>
      </DbtrAcct>
      <DbtrAgt>
        <FinInstnId>
          <ClrSysMmbId>
            <MmbId>190101</MmbId>
          </ClrSysMmbId>
        </FinInstnId>
      </DbtrAgt>
      <ChrgBr>DEBT</ChrgBr>
      <CdtTrfTxInf>
        <PmtId>
          <InstrId>PMT0FN6NS</InstrId>
          <EndToEndId>INST0PKSAR</EndToEndId>
        </PmtId>
        <Amt>
          <InstdAmt Ccy="GHS">60333</InstdAmt>
        </Amt>
        <CdtrAgt>
          <FinInstnId>
            <ClrSysMmbId>
              <MmbId>190101</MmbId>
            </ClrSysMmbId>
            <Nm>Stanbic Bank Ghana Ltd</Nm>
            <PstlAdr>
              <Ctry>GH</Ctry>
            </PstlAdr>
          </FinInstnId>
        </CdtrAgt>
        <Cdtr>
          <Nm>Darion Ferry</Nm>
          <PstlAdr>
            <StrtNm>Purdy Estate</StrtNm>
            <BldgNb>3979</BldgNb>
            <PstCd>66104-9321</PstCd>
            <TwnNm>Lake Clayburgh</TwnNm>
            <Ctry>GH</Ctry>
          </PstlAdr>
        </Cdtr>
        <CdtrAcct>
          <Id>
            <Othr>
              <Id>1123412345678</Id>
            </Othr>
          </Id>
        </CdtrAcct>
        <RmtInf>
          <Ustrd>repudiandae est quo</Ustrd>
        </RmtInf>
      </CdtTrfTxInf>
    </PmtInf>
    <PmtInf>
      <PmtInfId>PMTINF013TNA</PmtInfId>
      <PmtMtd>TRF</PmtMtd>
      <BtchBookg>true</BtchBookg>
      <PmtTpInf>
        <InstrPrty>NORM</InstrPrty>
      </PmtTpInf>
      <ReqdExctnDt>2025-11-07</ReqdExctnDt>
      <Dbtr>
        <Nm>MY.COMPANY/COMPANYC2C</Nm>
        <PstlAdr>
          <Ctry>GH</Ctry>
        </PstlAdr>
      </Dbtr>
      <DbtrAcct>
        <Id>
          <Othr>
            <Id>1234567812341</Id>
          </Othr>
        </Id>
        <Ccy>GHS</Ccy>
      </DbtrAcct>
      <DbtrAgt>
        <FinInstnId>
          <ClrSysMmbId>
            <MmbId>190101</MmbId>
          </ClrSysMmbId>
        </FinInstnId>
      </DbtrAgt>
      <ChrgBr>DEBT</ChrgBr>
      <CdtTrfTxInf>
        <PmtId>
          <InstrId>PMT0D2FT3</InstrId>
          <EndToEndId>INST08E6N1</EndToEndId>
        </PmtId>
        <Amt>
          <InstdAmt Ccy="GHS">86175</InstdAmt>
        </Amt>
        <CdtrAgt>
          <FinInstnId>
            <ClrSysMmbId>
              <MmbId>190101</MmbId>
            </ClrSysMmbId>
            <Nm>Stanbic Bank Ghana Ltd</Nm>
            <PstlAdr>
              <Ctry>GH</Ctry>
            </PstlAdr>
          </FinInstnId>
        </CdtrAgt>
        <Cdtr>
          <Nm>Darion Ferry</Nm>
          <PstlAdr>
            <StrtNm>Carroll Isle</StrtNm>
            <BldgNb>275</BldgNb>
            <PstCd>97552-5269</PstCd>
            <TwnNm>South Abdullah</TwnNm>
            <Ctry>GH</Ctry>
          </PstlAdr>
        </Cdtr>
        <CdtrAcct>
          <Id>
            <Othr>
              <Id>1123412345678</Id>
            </Othr>
          </Id>
        </CdtrAcct>
        <RmtInf>
          <Ustrd>placeat fuga impedit</Ustrd>
        </RmtInf>
      </CdtTrfTxInf>
    </PmtInf>
    <PmtInf>
      <PmtInfId>PMTINF0BCO4J</PmtInfId>
      <PmtMtd>TRF</PmtMtd>
      <BtchBookg>true</BtchBookg>
      <PmtTpInf>
        <InstrPrty>NORM</InstrPrty>
      </PmtTpInf>
      <ReqdExctnDt>2025-11-07</ReqdExctnDt>
      <Dbtr>
        <Nm>MY.COMPANY/COMPANYC2C</Nm>
        <PstlAdr>
          <Ctry>GH</Ctry>
        </PstlAdr>
      </Dbtr>
      <DbtrAcct>
        <Id>
          <Othr>
            <Id>1234567812341</Id>
          </Othr>
        </Id>
        <Ccy>GHS</Ccy>
      </DbtrAcct>
      <DbtrAgt>
        <FinInstnId>
          <ClrSysMmbId>
            <MmbId>190101</MmbId>
          </ClrSysMmbId>
        </FinInstnId>
      </DbtrAgt>
      <ChrgBr>DEBT</ChrgBr>
      <CdtTrfTxInf>
        <PmtId>
          <InstrId>PMT0MA8I3</InstrId>
          <EndToEndId>INST037KWZ</EndToEndId>
        </PmtId>
        <Amt>
          <InstdAmt Ccy="GHS">11766</InstdAmt>
        </Amt>
        <CdtrAgt>
          <FinInstnId>
            <ClrSysMmbId>
              <MmbId>190101</MmbId>
            </ClrSysMmbId>
            <Nm>Stanbic Bank Ghana Ltd</Nm>
            <PstlAdr>
              <Ctry>GH</Ctry>
            </PstlAdr>
          </FinInstnId>
        </CdtrAgt>
        <Cdtr>
          <Nm>Darion Ferry</Nm>
          <PstlAdr>
            <StrtNm>Jenkins Lake</StrtNm>
            <BldgNb>842</BldgNb>
            <PstCd>90925</PstCd>
            <TwnNm>Haucktown</TwnNm>
            <Ctry>GH</Ctry>
          </PstlAdr>
        </Cdtr>
        <CdtrAcct>
          <Id>
            <Othr>
              <Id>1123412345678</Id>
            </Othr>
          </Id>
        </CdtrAcct>
        <RmtInf>
          <Ustrd>minus consequuntur aut</Ustrd>
        </RmtInf>
      </CdtTrfTxInf>
    </PmtInf>
    <PmtInf>
      <PmtInfId>PMTINF05IWRX</PmtInfId>
      <PmtMtd>TRF</PmtMtd>
      <BtchBookg>true</BtchBookg>
      <PmtTpInf>
        <InstrPrty>NORM</InstrPrty>
      </PmtTpInf>
      <ReqdExctnDt>2025-11-07</ReqdExctnDt>
      <Dbtr>
        <Nm>MY.COMPANY/COMPANYC2C</Nm>
        <PstlAdr>
          <Ctry>GH</Ctry>
        </PstlAdr>
      </Dbtr>
      <DbtrAcct>
        <Id>
          <Othr>
            <Id>1234567812341</Id>
          </Othr>
        </Id>
        <Ccy>GHS</Ccy>
      </DbtrAcct>
      <DbtrAgt>
        <FinInstnId>
          <ClrSysMmbId>
            <MmbId>190101</MmbId>
          </ClrSysMmbId>
        </FinInstnId>
      </DbtrAgt>
      <ChrgBr>DEBT</ChrgBr>
      <CdtTrfTxInf>
        <PmtId>
          <InstrId>PMT0PJWK8</InstrId>
          <EndToEndId>INST0O5VUV</EndToEndId>
        </PmtId>
        <Amt>
          <InstdAmt Ccy="GHS">99092</InstdAmt>
        </Amt>
        <CdtrAgt>
          <FinInstnId>
            <ClrSysMmbId>
              <MmbId>190101</MmbId>
            </ClrSysMmbId>
            <Nm>Stanbic Bank Ghana Ltd</Nm>
            <PstlAdr>
              <Ctry>GH</Ctry>
            </PstlAdr>
          </FinInstnId>
        </CdtrAgt>
        <Cdtr>
          <Nm>Darion Ferry</Nm>
          <PstlAdr>
            <StrtNm>Hermann Ridges</StrtNm>
            <BldgNb>826</BldgNb>
            <PstCd>11487</PstCd>
            <TwnNm>Port Sanford</TwnNm>
            <Ctry>GH</Ctry>
          </PstlAdr>
        </Cdtr>
        <CdtrAcct>
          <Id>
            <Othr>
              <Id>1123412345678</Id>
            </Othr>
          </Id>
        </CdtrAcct>
        <RmtInf>
          <Ustrd>possimus recusandae eum</Ustrd>
        </RmtInf>
      </CdtTrfTxInf>
    </PmtInf>
    <PmtInf>
      <PmtInfId>PMTINF034YAH</PmtInfId>
      <PmtMtd>TRF</PmtMtd>
      <BtchBookg>true</BtchBookg>
      <PmtTpInf>
        <InstrPrty>NORM</InstrPrty>
      </PmtTpInf>
      <ReqdExctnDt>2025-11-07</ReqdExctnDt>
      <Dbtr>
        <Nm>MY.COMPANY/COMPANYC2C</Nm>
        <PstlAdr>
          <Ctry>GH</Ctry>
        </PstlAdr>
      </Dbtr>
      <DbtrAcct>
        <Id>
          <Othr>
            <Id>1234567812341</Id>
          </Othr>
        </Id>
        <Ccy>GHS</Ccy>
      </DbtrAcct>
      <DbtrAgt>
        <FinInstnId>
          <ClrSysMmbId>
            <MmbId>190101</MmbId>
          </ClrSysMmbId>
        </FinInstnId>
      </DbtrAgt>
      <ChrgBr>DEBT</ChrgBr>
      <CdtTrfTxInf>
        <PmtId>
          <InstrId>PMT0EYYIQ</InstrId>
          <EndToEndId>INST0Q74FE</EndToEndId>
        </PmtId>
        <Amt>
          <InstdAmt Ccy="GHS">87082</InstdAmt>
        </Amt>
        <CdtrAgt>
          <FinInstnId>
            <ClrSysMmbId>
              <MmbId>190101</MmbId>
            </ClrSysMmbId>
            <Nm>Stanbic Bank Ghana Ltd</Nm>
            <PstlAdr>
              <Ctry>GH</Ctry>
            </PstlAdr>
          </FinInstnId>
        </CdtrAgt>
        <Cdtr>
          <Nm>Darion Ferry</Nm>
          <PstlAdr>
            <StrtNm>Cassidy Summit</StrtNm>
            <BldgNb>27642</BldgNb>
            <PstCd>95041-1033</PstCd>
            <TwnNm>New Ariannamouth</TwnNm>
            <Ctry>GH</Ctry>
          </PstlAdr>
        </Cdtr>
        <CdtrAcct>
          <Id>
            <Othr>
              <Id>1123412345678</Id>
            </Othr>
          </Id>
        </CdtrAcct>
        <RmtInf>
          <Ustrd>consequuntur adipisci eos</Ustrd>
        </RmtInf>
      </CdtTrfTxInf>
    </PmtInf>
    <PmtInf>
      <PmtInfId>PMTINF0AEQ2O</PmtInfId>
      <PmtMtd>TRF</PmtMtd>
      <BtchBookg>true</BtchBookg>
      <PmtTpInf>
        <InstrPrty>NORM</InstrPrty>
      </PmtTpInf>
      <ReqdExctnDt>2025-11-07</ReqdExctnDt>
      <Dbtr>
        <Nm>MY.COMPANY/COMPANYC2C</Nm>
        <PstlAdr>
          <Ctry>GH</Ctry>
        </PstlAdr>
      </Dbtr>
      <DbtrAcct>
        <Id>
          <Othr>
            <Id>1234567812341</Id>
          </Othr>
        </Id>
        <Ccy>GHS</Ccy>
      </DbtrAcct>
      <DbtrAgt>
        <FinInstnId>
          <ClrSysMmbId>
            <MmbId>190101</MmbId>
          </ClrSysMmbId>
        </FinInstnId>
      </DbtrAgt>
      <ChrgBr>DEBT</ChrgBr>
      <CdtTrfTxInf>
        <PmtId>
          <InstrId>PMT042M05</InstrId>
          <EndToEndId>INST0LWWLQ</EndToEndId>
        </PmtId>
        <Amt>
          <InstdAmt Ccy="GHS">61751</InstdAmt>
        </Amt>
        <CdtrAgt>
          <FinInstnId>
            <ClrSysMmbId>
              <MmbId>190101</MmbId>
            </ClrSysMmbId>
            <Nm>Stanbic Bank Ghana Ltd</Nm>
            <PstlAdr>
              <Ctry>GH</Ctry>
            </PstlAdr>
          </FinInstnId>
        </CdtrAgt>
        <Cdtr>
          <Nm>Darion Ferry</Nm>
          <PstlAdr>
            <StrtNm>Felipa Mountain</StrtNm>
            <BldgNb>1829</BldgNb>
            <PstCd>13866-1634</PstCd>
            <TwnNm>Lake Pietro</TwnNm>
            <Ctry>GH</Ctry>
          </PstlAdr>
        </Cdtr>
        <CdtrAcct>
          <Id>
            <Othr>
              <Id>1123412345678</Id>
            </Othr>
          </Id>
        </CdtrAcct>
        <RmtInf>
          <Ustrd>ab non libero</Ustrd>
        </RmtInf>
      </CdtTrfTxInf>
    </PmtInf>
    <PmtInf>
      <PmtInfId>PMTINF0GUWDS</PmtInfId>
      <PmtMtd>TRF</PmtMtd>
      <BtchBookg>true</BtchBookg>
      <PmtTpInf>
        <InstrPrty>NORM</InstrPrty>
      </PmtTpInf>
      <ReqdExctnDt>2025-11-07</ReqdExctnDt>
      <Dbtr>
        <Nm>MY.COMPANY/COMPANYC2C</Nm>
        <PstlAdr>
          <Ctry>GH</Ctry>
        </PstlAdr>
      </Dbtr>
      <DbtrAcct>
        <Id>
          <Othr>
            <Id>1234567812341</Id>
          </Othr>
        </Id>
        <Ccy>GHS</Ccy>
      </DbtrAcct>
      <DbtrAgt>
        <FinInstnId>
          <ClrSysMmbId>
            <MmbId>190101</MmbId>
          </ClrSysMmbId>
        </FinInstnId>
      </DbtrAgt>
      <ChrgBr>DEBT</ChrgBr>
      <CdtTrfTxInf>
        <PmtId>
          <InstrId>PMT07YHF0</InstrId>
          <EndToEndId>INST01VB5V</EndToEndId>
        </PmtId>
        <Amt>
          <InstdAmt Ccy="GHS">94839</InstdAmt>
        </Amt>
        <CdtrAgt>
          <FinInstnId>
            <ClrSysMmbId>
              <MmbId>190101</MmbId>
            </ClrSysMmbId>
            <Nm>Stanbic Bank Ghana Ltd</Nm>
            <PstlAdr>
              <Ctry>GH</Ctry>
            </PstlAdr>
          </FinInstnId>
        </CdtrAgt>
        <Cdtr>
          <Nm>Darion Ferry</Nm>
          <PstlAdr>
            <StrtNm>Estel Roads</StrtNm>
            <BldgNb>561</BldgNb>
            <PstCd>00391-7745</PstCd>
            <TwnNm>Port Camilleburgh</TwnNm>
            <Ctry>GH</Ctry>
          </PstlAdr>
        </Cdtr>
        <CdtrAcct>
          <Id>
            <Othr>
              <Id>1123412345678</Id>
            </Othr>
          </Id>
        </CdtrAcct>
        <RmtInf>
          <Ustrd>accusamus et voluptatem</Ustrd>
        </RmtInf>
      </CdtTrfTxInf>
    </PmtInf>
    <PmtInf>
      <PmtInfId>PMTINF0CTG22</PmtInfId>
      <PmtMtd>TRF</PmtMtd>
      <BtchBookg>true</BtchBookg>
      <PmtTpInf>
        <InstrPrty>NORM</InstrPrty>
      </PmtTpInf>
      <ReqdExctnDt>2025-11-07</ReqdExctnDt>
      <Dbtr>
        <Nm>MY.COMPANY/COMPANYC2C</Nm>
        <PstlAdr>
          <Ctry>GH</Ctry>
        </PstlAdr>
      </Dbtr>
      <DbtrAcct>
        <Id>
          <Othr>
            <Id>1234567812341</Id>
          </Othr>
        </Id>
        <Ccy>GHS</Ccy>
      </DbtrAcct>
      <DbtrAgt>
        <FinInstnId>
          <ClrSysMmbId>
            <MmbId>190101</MmbId>
          </ClrSysMmbId>
        </FinInstnId>
      </DbtrAgt>
      <ChrgBr>DEBT</ChrgBr>
      <CdtTrfTxInf>
        <PmtId>
          <InstrId>PMT0WVL8L</InstrId>
          <EndToEndId>INST0PTLH7</EndToEndId>
        </PmtId>
        <Amt>
          <InstdAmt Ccy="GHS">29586</InstdAmt>
        </Amt>
        <CdtrAgt>
          <FinInstnId>
            <ClrSysMmbId>
              <MmbId>190101</MmbId>
            </ClrSysMmbId>
            <Nm>Stanbic Bank Ghana Ltd</Nm>
            <PstlAdr>
              <Ctry>GH</Ctry>
            </PstlAdr>
          </FinInstnId>
        </CdtrAgt>
        <Cdtr>
          <Nm>Darion Ferry</Nm>
          <PstlAdr>
            <StrtNm>Kerluke Orchard</StrtNm>
            <BldgNb>86988</BldgNb>
            <PstCd>64396</PstCd>
            <TwnNm>Lake Berniecefort</TwnNm>
            <Ctry>GH</Ctry>
          </PstlAdr>
        </Cdtr>
        <CdtrAcct>
          <Id>
            <Othr>
              <Id>1123412345678</Id>
            </Othr>
          </Id>
        </CdtrAcct>
        <RmtInf>
          <Ustrd>quo maiores velit</Ustrd>
        </RmtInf>
      </CdtTrfTxInf>
    </PmtInf>
    <PmtInf>
      <PmtInfId>PMTINF0JHO06</PmtInfId>
      <PmtMtd>TRF</PmtMtd>
      <BtchBookg>true</BtchBookg>
      <PmtTpInf>
        <InstrPrty>NORM</InstrPrty>
      </PmtTpInf>
      <ReqdExctnDt>2025-11-07</ReqdExctnDt>
      <Dbtr>
        <Nm>MY.COMPANY/COMPANYC2C</Nm>
        <PstlAdr>
          <Ctry>GH</Ctry>
        </PstlAdr>
      </Dbtr>
      <DbtrAcct>
        <Id>
          <Othr>
            <Id>1234567812341</Id>
          </Othr>
        </Id>
        <Ccy>GHS</Ccy>
      </DbtrAcct>
      <DbtrAgt>
        <FinInstnId>
          <ClrSysMmbId>
            <MmbId>190101</MmbId>
          </ClrSysMmbId>
        </FinInstnId>
      </DbtrAgt>
      <ChrgBr>DEBT</ChrgBr>
      <CdtTrfTxInf>
        <PmtId>
          <InstrId>PMT0L7A2Q</InstrId>
          <EndToEndId>INST04Z2W4</EndToEndId>
        </PmtId>
        <Amt>
          <InstdAmt Ccy="GHS">32422</InstdAmt>
        </Amt>
        <CdtrAgt>
          <FinInstnId>
            <ClrSysMmbId>
              <MmbId>190101</MmbId>
            </ClrSysMmbId>
            <Nm>Stanbic Bank Ghana Ltd</Nm>
            <PstlAdr>
              <Ctry>GH</Ctry>
            </PstlAdr>
          </FinInstnId>
        </CdtrAgt>
        <Cdtr>
          <Nm>Darion Ferry</Nm>
          <PstlAdr>
            <StrtNm>Chelsey Court</StrtNm>
            <BldgNb>6621</BldgNb>
            <PstCd>81556-8314</PstCd>
            <TwnNm>North Frankburgh</TwnNm>
            <Ctry>GH</Ctry>
          </PstlAdr>
        </Cdtr>
        <CdtrAcct>
          <Id>
            <Othr>
              <Id>1123412345678</Id>
            </Othr>
          </Id>
        </CdtrAcct>
        <RmtInf>
          <Ustrd>illo rerum consectetur</Ustrd>
        </RmtInf>
      </CdtTrfTxInf>
    </PmtInf>
  </CstmrCdtTrfInitn>
</Document>