<?xml version="1.0" encoding="utf-8"?>
<Document xmlns="urn:iso:std:iso:20022:tech:xsd:pain.001.001.03"
  xmlns:xsi="http://www.w3.org/2001/XMLSchema-instance">
  <CstmrCdtTrfInitn>
    <GrpHdr>
      <MsgId>MSG0PXPZL</MsgId>
      <CreDtTm>2025-11-07T11:47:53</CreDtTm>
      <NbOfTxs>5</NbOfTxs>
      <CtrlSum>331774</CtrlSum>
      <InitgPty>
        <Id>
          <OrgId>
            <Othr>
              <Id>MY.COMPANY/COMPANYC2C</Id>
            </Othr>
          </OrgId>
        </Id>
      </InitgPty>
    </GrpHdr>
    <PmtInf>
      <PmtInfId>PMTINF0IKI5F</PmtInfId>
      <PmtMtd>TRF</PmtMtd>
      <BtchBookg>true</BtchBookg>
      <PmtTpInf>
        <InstrPrty>NORM</InstrPrty>
      </PmtTpInf>
      <ReqdExctnDt>2025-11-07</ReqdExctnDt>
      <Dbtr>
        <Nm>MY.COMPANY/COMPANYC2C</Nm>
        <PstlAdr>
          <Ctry>GH</Ctry>
        </PstlAdr>
      </Dbtr>
      <DbtrAcct>
        <Id>
          <Othr>
            <Id>1234567812341</Id>
          </Othr>
        </Id>
        <Ccy>GHS</Ccy>
      </DbtrAcct>
      <DbtrAgt>
        <FinInstnId>
          <ClrSysMmbId>
            <MmbId>190101</MmbId>
          </ClrSysMmbId>
        </FinInstnId>
      </DbtrAgt>
      <ChrgBr>DEBT</ChrgBr>
      <CdtTrfTxInf>
        <PmtId>
          <InstrId>PMT0TWMX4</InstrId>
          <EndToEndId>INST0LILHW</EndToEndId>
        </PmtId>
        <Amt>
          <InstdAmt Ccy="GHS">66959</InstdAmt>
        </Amt>
        <CdtrAgt>
          <FinInstnId>
            <ClrSysMmbId>
              <MmbId>190101</MmbId>
            </ClrSysMmbId>
            <Nm>Stanbic Bank Ghana Ltd</Nm>
            <PstlAdr>
              <Ctry>GH</Ctry>
            </PstlAdr>
          </FinInstnId>
        </CdtrAgt>
        <Cdtr>
          <Nm>Darion Ferry</Nm>
          <PstlAdr>
            <StrtNm>Jenkins Shore</StrtNm>
            <BldgNb>433</BldgNb>
            <PstCd>67383</PstCd>
            <TwnNm>Veumshire</TwnNm>
            <Ctry>GH</Ctry>
          </PstlAdr>
        </Cdtr>
        <CdtrAcct>
          <Id>
            <Othr>
              <Id>1123412345678</Id>
            </Othr>
          </Id>
        </CdtrAcct>
        <RmtInf>
          <Ustrd>eum corporis aperiam</Ustrd>
        </RmtInf>
      </CdtTrfTxInf>
    </PmtInf>
    <PmtInf>
      <PmtInfId>PMTINF0KAPNJ</PmtInfId>
      <PmtMtd>TRF</PmtMtd>
      <BtchBookg>true</BtchBookg>
      <PmtTpInf>
        <InstrPrty>NORM</InstrPrty>
      </PmtTpInf>
      <ReqdExctnDt>2025-11-07</ReqdExctnDt>
      <Dbtr>
        <Nm>MY.COMPANY/COMPANYC2C</Nm>
        <PstlAdr>
          <Ctry>GH</Ctry>
        </PstlAdr>
      </Dbtr>
      <DbtrAcct>
        <Id>
          <Othr>
            <Id>1234567812341</Id>
          </Othr>
        </Id>
        <Ccy>GHS</Ccy>
      </DbtrAcct>
      <DbtrAgt>
        <FinInstnId>
          <ClrSysMmbId>
            <MmbId>190101</MmbId>
          </ClrSysMmbId>
        </FinInstnId>
      </DbtrAgt>
      <ChrgBr>DEBT</ChrgBr>
      <CdtTrfTxInf>
        <PmtId>
          <InstrId>PMT0X4UYE</InstrId>
          <EndToEndId>INST0ZC6WM</EndToEndId>
        </PmtId>
        <Amt>
          <InstdAmt Ccy="GHS">46664</InstdAmt>
        </Amt>
        <CdtrAgt>
          <FinInstnId>
            <ClrSysMmbId>
              <MmbId>190101</MmbId>
            </ClrSysMmbId>
            <Nm>Stanbic Bank Ghana Ltd</Nm>
            <PstlAdr>
              <Ctry>GH</Ctry>
            </PstlAdr>
          </FinInstnId>
        </CdtrAgt>
        <Cdtr>
          <Nm>Darion Ferry</Nm>
          <PstlAdr>
            <StrtNm>Ferry Parkways</StrtNm>
            <BldgNb>555</BldgNb>
            <PstCd>28866</PstCd>
            <TwnNm>East Giovanni</TwnNm>
            <Ctry>GH</Ctry>
          </PstlAdr>
        </Cdtr>
        <CdtrAcct>
          <Id>
            <Othr>
              <Id>1123412345678</Id>
            </Othr>
          </Id>
        </CdtrAcct>
        <RmtInf>
          <Ustrd>nihil qui pariatur</Ustrd>
        </RmtInf>
      </CdtTrfTxInf>
    </PmtInf>
    <PmtInf>
      <PmtInfId>PMTINF0AU3FU</PmtInfId>
      <PmtMtd>TRF</PmtMtd>
      <BtchBookg>true</BtchBookg>
      <PmtTpInf>
        <InstrPrty>NORM</InstrPrty>
      </PmtTpInf>
      <ReqdExctnDt>2025-11-07</ReqdExctnDt>
      <Dbtr>
        <Nm>MY.COMPANY/COMPANYC2C</Nm>
        <PstlAdr>
          <Ctry>GH</Ctry>
        </PstlAdr>
      </Dbtr>
      <DbtrAcct>
        <Id>
          <Othr>
            <Id>1234567812341</Id>
          </Othr>
        </Id>
        <Ccy>GHS</Ccy>
      </DbtrAcct>
      <DbtrAgt>
        <FinInstnId>
          <ClrSysMmbId>
            <MmbId>190101</MmbId>
          </ClrSysMmbId>
        </FinInstnId>
      </DbtrAgt>
      <ChrgBr>DEBT</ChrgBr>
      <CdtTrfTxInf>
        <PmtId>
          <InstrId>PMT0N85W2</InstrId>
          <EndToEndId>INST0I09OJ</EndToEndId>
        </PmtId>
        <Amt>
          <InstdAmt Ccy="GHS">34975</InstdAmt>
        </Amt>
        <CdtrAgt>
          <FinInstnId>
            <ClrSysMmbId>
              <MmbId>190101</MmbId>
            </ClrSysMmbId>
            <Nm>Stanbic Bank Ghana Ltd</Nm>
            <PstlAdr>
              <Ctry>GH</Ctry>
            </PstlAdr>
          </FinInstnId>
        </CdtrAgt>
        <Cdtr>
          <Nm>Darion Ferry</Nm>
          <PstlAdr>
            <StrtNm>Reginald Port</StrtNm>
            <BldgNb>67303</BldgNb>
            <PstCd>71848-4458</PstCd>
            <TwnNm>Tatumburgh</TwnNm>
            <Ctry>GH</Ctry>
          </PstlAdr>
        </Cdtr>
        <CdtrAcct>
          <Id>
            <Othr>
              <Id>1123412345678</Id>
            </Othr>
          </Id>
        </CdtrAcct>
        <RmtInf>
          <Ustrd>natus ullam eius</Ustrd>
        </RmtInf>
      </CdtTrfTxInf>
    </PmtInf>
    <PmtInf>
      <PmtInfId>PMTINF0FMRZH</PmtInfId>
      <PmtMtd>TRF</PmtMtd>
      <BtchBookg>true</BtchBookg>
      <PmtTpInf>
        <InstrPrty>NORM</InstrPrty>
      </PmtTpInf>
      <ReqdExctnDt>2025-11-07</ReqdExctnDt>
      <Dbtr>
        <Nm>MY.COMPANY/COMPANYC2C</Nm>
        <PstlAdr>
          <Ctry>GH</Ctry>
        </PstlAdr>
      </Dbtr>
      <DbtrAcct>
        <Id>
          <Othr>
            <Id>1234567812341</Id>
          </Othr>
        </Id>
        <Ccy>GHS</Ccy>
      </DbtrAcct>
      <DbtrAgt>
        <FinInstnId>
          <ClrSysMmbId>
            <MmbId>190101</MmbId>
          </ClrSysMmbId>
        </FinInstnId>
      </DbtrAgt>
      <ChrgBr>DEBT</ChrgBr>
      <CdtTrfTxInf>
        <PmtId>
          <InstrId>PMT0IVH0K</InstrId>
          <EndToEndId>INST00O9F9</EndToEndId>
        </PmtId>
        <Amt>
          <InstdAmt Ccy="GHS">87320</InstdAmt>
        </Amt>
        <CdtrAgt>
          <FinInstnId>
            <ClrSysMmbId>
              <MmbId>190101</MmbId>
            </ClrSysMmbId>
            <Nm>Stanbic Bank Ghana Ltd</Nm>
            <PstlAdr>
              <Ctry>GH</Ctry>
            </PstlAdr>
          </FinInstnId>
        </CdtrAgt>
        <Cdtr>
          <Nm>Darion Ferry</Nm>
          <PstlAdr>
            <StrtNm>Armstrong Groves</StrtNm>
            <BldgNb>68848</BldgNb>
            <PstCd>57812-6852</PstCd>
            <TwnNm>Halvorsonfort</TwnNm>
            <Ctry>GH</Ctry>
          </PstlAdr>
        </Cdtr>
        <CdtrAcct>
          <Id>
            <Othr>
              <Id>1123412345678</Id>
            </Othr>
          </Id>
        </CdtrAcct>
        <RmtInf>
          <Ustrd>aut saepe quia</Ustrd>
        </RmtInf>
      </CdtTrfTxInf>
    </PmtInf>
    <PmtInf>
      <PmtInfId>PMTINF0H887W</PmtInfId>
      <PmtMtd>TRF</PmtMtd>
      <BtchBookg>true</BtchBookg>
      <PmtTpInf>
        <InstrPrty>NORM</InstrPrty>
      </PmtTpInf>
      <ReqdExctnDt>2025-11-07</ReqdExctnDt>
      <Dbtr>
        <Nm>MY.COMPANY/COMPANYC2C</Nm>
        <PstlAdr>
          <Ctry>GH</Ctry>
        </PstlAdr>
      </Dbtr>
      <DbtrAcct>
        <Id>
          <Othr>
            <Id>1234567812341</Id>
          </Othr>
        </Id>
        <Ccy>GHS</Ccy>
      </DbtrAcct>
      <DbtrAgt>
        <FinInstnId>
          <ClrSysMmbId>
            <MmbId>190101</MmbId>
          </ClrSysMmbId>
        </FinInstnId>
      </DbtrAgt>
      <ChrgBr>DEBT</ChrgBr>
      <CdtTrfTxInf>
        <PmtId>
          <InstrId>PMT04041M</InstrId>
          <EndToEndId>INST0CPK9R</EndToEndId>
        </PmtId>
        <Amt>
          <InstdAmt Ccy="GHS">95856</InstdAmt>
        </Amt>
        <CdtrAgt>
          <FinInstnId>
            <ClrSysMmbId>
              <MmbId>190101</MmbId>
            </ClrSysMmbId>
            <Nm>Stanbic Bank Ghana Ltd</Nm>
            <PstlAdr>
              <Ctry>GH</Ctry>
            </PstlAdr>
          </FinInstnId>
        </CdtrAgt>
        <Cdtr>
          <Nm>Darion Ferry</Nm>
          <PstlAdr>
            <StrtNm>Farrell Mews</StrtNm>
            <BldgNb>69061</BldgNb>
            <PstCd>57002</PstCd>
            <TwnNm>Tyrelchester</TwnNm>
            <Ctry>GH</Ctry>
          </PstlAdr>
        </Cdtr>
        <CdtrAcct>
          <Id>
            <Othr>
              <Id>1123412345678</Id>
            </Othr>
          </Id>
        </CdtrAcct>
        <RmtInf>
          <Ustrd>quas fuga nesciunt</Ustrd>
        </RmtInf>
      </CdtTrfTxInf>
    </PmtInf>
  </CstmrCdtTrfInitn>
</Document>